2442 3950
514 467 588 515 44

571 1180 657 1238 IN
703 1179 963 1240 FESTO
1003 1177 1682 1239 CIRCUMCISIONIS
1725 1177 2054 1239 DOMINI.

915 444 990 504 In
1031 443 1192 502 Festo
1239 443 1699 504 C2†mm1k.

837 608 955 680 Qui
996 618 1163 667 natus
1205 627 1269 667 es
1312 609 1385 667 de
1428 606 1681 686 Virgine,

835 689 991 767 Jesu,
1033 690 1134 748 tibi
1177 691 1249 748 sit
1288 690 1470 766 gloria

838 770 990 830 Cum
1031 771 1214 843 Patre,
1260 789 1507 848 cumque
1552 771 1778 848 Spiritu,

837 853 907 910 In
949 854 1297 929 sempiterna
1338 855 1544 912 secula.

929 1312 1020 1355 AD
1063 1309 1297 1354 PRIMAS
1342 1309 1665 1355 VESPERAS.

675 1417 892 1475 Debilis
933 1426 1159 1476 cessent
1200 1416 1485 1475 elementa
1526 1416 1707 1492 legis:

678 1499 777 1556 Sat
819 1499 918 1556 diu
957 1507 1180 1557 mentes
1220 1498 1393 1556 timor
1433 1499 1766 1573 occupavit:

677 1580 904 1638 Foedus
946 1581 1158 1638 aeterni
1201 1580 1445 1639 stabilire
1487 1579 1657 1657 Jesus

839 1660 1046 1736 Coepit
1087 1661 1316 1720 amoris.

681 1823 813 1881 Sole
856 1823 929 1882 de
970 1841 1105 1881 vero
1145 1823 1354 1892 radim,
1398 1822 1616 1897 paterni

589 1949 602 1960 .
677 1903 936 1963 Luminis
977 1922 1152 1980 purus
1194 1905 1318 1963 sine
1360 1903 1512 1960 nube
1556 1902 1841 1980 splendor,

678 1986 892 2045 Probra
931 1988 1153 2063 peccati
1193 2004 1336 2063 puer
1376 2003 1511 2043 ecce
1552 1987 1759 2044 tinctus

841 2069 1130 2144 Sanguine
1170 2066 1431 2144 praefert.

679 2230 855 2287 Stillat
896 2231 1120 2289 excisos
1162 2230 1324 2306 pueri
1364 2247 1465 2305 per
1506 2240 1657 2287 artus

677 2311 895 2370 Efficax
937 2330 1120 2371 noxas
1161 2313 1390 2371 abolere
1433 2312 1697 2386 sanguis:

677 2393 910 2469 Obligat
950 2394 1119 2451 morti
1161 2394 1413 2469 pretiosa
1452 2402 1638 2450 totum

838 2474 995 2533 stilla
1036 2493 1312 2557 cruorem.

679 2637 846 2695 Haec
889 2638 1012 2697 dies
1052 2656 1270 2696 nomen
1310 2640 1413 2697 tibi
1454 2642 1819 2716 comparavit,

679 2719 735 2777 O
778 2718 941 2790 Puer,
985 2737 1200 2796 pronus
1244 2723 1402 2795 quod
1444 2722 1641 2780 adoret
1684 2722 1875 2792 orbis;

678 2800 752 2857 Et
795 2801 962 2858 simul
1005 2801 1132 2871 dici,
1177 2802 1345 2861 simul
1386 2804 1510 2879 ipse
1552 2802 1720 2880 Jesus

841 2882 1053 2958 Incipis
1096 2901 1241 2941 esse.

681 3043 922 3102 Summa
961 3044 1084 3104 laus
1127 3044 1315 3117 Patri3
1359 3046 1527 3105 simul
1568 3064 1753 3122 aequa
1795 3044 1967 3116 Nate,

683 3124 801 3195 Qui
843 3143 950 3183 suo
990 3127 1274 3184 mundum
1314 3128 1539 3186 redimit
1580 3146 1812 3187 cruore:

678 3205 789 3263 Par
830 3208 901 3265 sit
943 3208 1246 3265 amborum
1286 3209 1388 3266 tibi
1429 3209 1553 3269 laus
1593 3228 1695 3286 per
1737 3227 1927 3280 omne,

843 3287 1098 3363 Spiritus,
1142 3307 1363 3347 aevum.
