2442 3950
549 452 567 489 1
582 439 657 493 08
922 443 1001 503 In
1047 443 1404 511 Conversz'o'ne'
1444 453 1508 515 S.
1536 459 1730 521 Pauli.

861 606 1120 669 Christus
1162 607 1365 687 instat3
1414 619 1789 695 impotentem

864 688 1093 763 Caecat,
1135 707 1318 770 urget,
1362 700 1585 776 dejicit:

859 769 967 829 Ille
1004 774 1154 832 cedit
1195 777 1514 855 irnperanti,

862 850 1053 929 Seque
1094 865 1278 916 totum
1321 863 1578 939 subjicit:

854 932 1153 995 Insecutor
1193 951 1326 999 ante
1368 943 1594 1019 Christi,

856 1014 1074 1076 Praeco
1116 1016 1409 1082 Christum
1449 1027 1738 1103 personat.

857 1175 1011 1237 Ante
1051 1181 1256 1256 plenus
1299 1188 1398 1262 qui
1437 1191 1724 1251 minarum

857 1259 1240 1338 Praeparabat
1279 1269 1519 1344 vincula,

858 1340 1029 1400 Nunc
1070 1354 1338 1421 tremens,
1380 1369 1490 1411 nec
1525 1356 1648 1431 jam
1689 1358 1929 1431 rebellis,

856 1422 965 1481 Per
1005 1442 1213 1487 manus
1252 1430 1551 1493 'deducitur
1569 1456 1590 1495 :-
1717 1509 1720 1515 ¹

858 1503 975 1575 Qui
1016 1506 1183 1583 lupus
1226 1530 1405 1588 rapax
1447 1516 1684 1586 furebat,

856 1584 1028 1645 Nunc
1069 1591 1129 1647 in
1170 1590 1387 1667 agnum
1427 1601 1672 1660 vertitur.

853 1748 1030 1821 Dura,
1074 1751 1317 1822 Christe,
1361 1776 1536 1840 quam
1576 1766 1798 1838 potenti

773 1841 778 1848 ·
856 1830 1049 1891 Corda
1088 1848 1281 1897 versas
1323 1839 1587 1901 dextera!

856 1911 974 1984 Qui
1014 1924 1183 1975 tuum-
1220 1920 1410 1980 delere
1451 1934 1678 1984 nomen

852 1993 993 2053 Vult
1033 2006 1264 2059 tuorum
1305 2007 1602 2080 sanguine,

854 2074 1199 2139 Universum
1241 2102 1380 2143 mox
1421 2105 1525 2162 per
1566 2091 1768 2148 orbem

853 2156 990 2233 Ipse
1031 2161 1266 2223 clarabit
1307 2182 1432 2247 sue.

854 2319 939 2378 Sit
980 2338 1250 2398 suprema
1290 2326 1414 2388 laus
1455 2331 1700 2404 Parenti‚

854 2401 972 2472 Qui
1014 2409 1221 2466 creavit
1264 2411 1490 2469 omnia:

853 2482 1113 2561 Filioque
1155 2490 1255 2565 qui
1298 2493 1540 2553 redemit

852 2562 1045 2625 Morte
1086 2587 1195 2630 nos
1237 2573 1436 2633 volens
1479 2593 1616 2635 sua:

852 2645 963 2703 Par
1004 2657 1060 2706 et
1102 2650 1195 2722 illi,
1241 2655 1404 2730 cujus
1447 2656 1600 2716 almo

855 2725 1248 2790 Confovemur
1288 2735 1480 2796 halitu.

1124 2926 1217 2982 AD
1261 2929 1532 2976 LAUDES.

611 3053 777 3125 Quae
820 3057 1136 3132 gloriosum
1176 3073 1335 3126 tanta
1376 3068 1551 3128 coelis
1593 3079 1793 3128 evocat

536 3191 547 3195 -
610 3135 718 3202 Te,
764 3137 1006 3213 Christe,
1050 3147 1263 3206 eausa?
1311 3157 1447 3206 tune
1487 3168 1713 3209 rursum
1753 3151 1935 3210 visere

606 3216 895 3278 Mundum
934 3224 1306 3303 redemptor?
1354 3239 1490 3288 tune
1528 3231 1734 3308 Judex'
1762 3234 1978 3294 seculi?

608 3297 919 3362 Novumne
962 3307 1161 3382 prodis
1203 3310 1353 3369 ultor
1393 3311 1620 3371 hostem
1661 3316 1940 3390 perdere?
