2442 3950
650 456 670 492 1
684 442 758 508 46
1085 432 1161 493 In
1202 434 1407 493 Decoll.
1451 433 1515 494 S.
1543 434 1804 512 soanmle.

809 600 892 657 Sit
934 616 1161 657 summa
1203 598 1372 668 Patri,
1417 616 1758 675 summaque
1801 598 1966 671 Filio,

811 682 1139 756 Sanctoque
1180 697 1423 755 compar
1462 679 1644 755 gloria
1685 680 1962 740 Flamini:

810 762 1052 820 Sanctae
1094 762 1321 819 litemus
1364 760 1630 819 Trinitau‘

807 844 1093 919 Perpetuo
1132 842 1232 919 pia
1270 842 1448 900 corda
1487 844 1658 902 cultu.

1250 1214 1341 1256 AD
1388 1213 1656 1257 LAUDES.

813 1402 983 1472 Ecce,
1028 1399 1282 1460 saltantis
1324 1400 1569 1475 pretium
1610 1400 1850 1475 puellae,

817 1484 1016 1541 Fertur
1057 1483 1117 1539 in
1158 1482 1321 1539 disco
1363 1491 1535 1556 caput
1577 1492 1968 1556 amputatum:

816 1564 983 1622 Haec
1024 1563 1329 1622 cruentatis
1370 1581 1521 1621 nova
1560 1563 1921 1638 proferuntur

980 1645 1219 1704 Fercula
1259 1645 1491 1703 mensis.

822 1798 990 1882 Quae
1032 1808 1202 1866 rudes
1245 1806 1414 1882 sylvis
1458 1806 1706 1882 populos
1748 1806 2008 1877 docebat,

820 1892 987 1963 Quae
1028 1889 1223 1947 Deum
1265 1897 1384 1945 tota
1425 1889 1730 1947 resonabat
1773 1888 1916 1959 aula,

818 1974 923 2033 Illa
963 1991 1092 2042 vox,
1135 1970 1314 2029 eheu!
1364 1970 1558 2046 gladio
1599 1979 1832 2042 resecta,

982 2053 1148 2111 Muta
1190 2053 1390 2110 silebit.

822 2217 1049 2276 Occidit
1089 2215 1287 2286 VateS,
1325 2225 1388 2273 et
1431 2214 1618 2273 adhuc
1659 2215 1904 2284 timetur,

822 2299 957 2356 Vox
1000 2299 1124 2357 silet
1164 2298 1339 2367 verbi,
1384 2314 1550 2354 cruor
1591 2295 1682 2354 ille
1724 2296 1966 2354 clamat:

828 2381 1037 2439 Sancta
1077 2379 1306 2437 fraterni
1348 2387 1622 2436 temerata
1663 2378 1842 2452 carpit

984 2461 1244 2519 Foedera
1284 2460 1430 2518 lecti.

828 2625 999 2682 Nube
1043 2624 1151 2683 sub
1193 2623 1374 2680 densa
1409 2622 1578 2697 jubar
1618 2621 1934 2680 involutum

828 2707 1081 2764 Venerat
1122 2705 1308 2763 caecis
1351 2704 1568 2779 aperire
1611 2703 1812 2761 seclis:

830 2788 961 2846 Sole
1004 2796 1246 2855 maturo,
1290 2786 1438 2843 velut
1479 2785 1698 2855 umbra,
1743 2784 1914 2844 cessit

989 2866 1217 2926 Lucifer
1259 2865 1420 2925 Orbi.

828 3031 1068 3089 Summa
1107 3031 1230 3088 laus
1273 3030 1441 3099 Patri,
1484 3029 1794 3104 genitoque
1836 3026 2062 3085 Verbo:

827 3113 903 3171 Et
944 3113 1043 3170 tibi
1086 3128 1340 3186 compar,
1383 3111 1675 3186 utriusque
1717 3127 1900 3168 nexus

829 3194 1069 3270 Spiritus
1112 3211 1355 3268 semper,
1399 3191 1560 3250 Deus
1602 3210 1750 3250 unus
1792 3191 1950 3249 omni

991 3274 1303 3350 Temporis
1345 3291 1504 3332 aev0.
1909 3303 1914 3308 ·
