2442 3950
528 412 639 451 100

992 386 1075 446 In
1114 385 1278 446 Festo
1321 384 1636 447 Trinitatis-2

846 551 953 611 Est
992 560 1145 610 totus
1186 551 1247 608 in
1283 550 1442 608 Nato
1484 550 1666 621 Pater,
1741 596 1746 607 .

846 634 918 691 In
960 632 1126 691 Patre
1166 640 1322 690 totus
1363 631 1573 704 Filius3

850 714 908 773 N
910 724 1121 791 atoque
1158 713 1366 790 plenus
1407 731 1476 771 ac
1517 714 1688 773 Patre

856 796 1015 873 Inest
1055 795 1280 877 utrique
1325 794 1581 871 Spiritus

856 956 1034 1029 Quod
1072 956 1259 1015 Natus
1301 967 1404 1028 est,
1445 957 1559 1016 hoc
1601 958 1876 1036 Spiritus3
1947 1026 1952 1031 ,

834 1039 997 1097 :Hoc
1036 1048 1123 1097 est
1162 1047 1404 1115 uterque
1445 1040 1604 1116 quod
1645 1042 1844 1101 Pater:

861 1119 1011 1178 Tres
1048 1138 1165 1177 una
1209 1137 1438 1179 summa
1477 1121 1736 1181 Veritas:

860 1200 1010 1260 Tres
1050 1218 1167 1260 una
1206 1218 1438 1272 summa
1479 1202 1717 1263 Caritas·

856 1366 1111 1423 Aeterna
1151 1363 1305 1422 Patri
1343 1364 1544 1440 gloria,

863 1446 921 1504 N
922 1457 1133 1522 atoque
1176 1447 1248 1504 sit
1289 1462 1423 1504 cum
1467 1447 1693 1523 Spiritu,

867 1526 986 1599 Qui
1026 1529 1157 1586 vivit
1198 1537 1256 1586 et
1294 1539 1495 1604 regnat
1537 1528 1698 1587 Deus
1725 1604 1730 1609 ὁ

866 1609 938 1669 In
977 1608 1303 1668 seculorum
1344 1610 1550 1669 secula.

707 1908 795 1978 IN
841 1908 1102 1967 FESTO
1162 1908 1576 1968 CORPORIS
1628 1909 1987 1971 CHRISTI.

1013 2056 1105 2100 AD
1149 2056 1459 2101 OFFICIUM
1503 2057 1691 2135 Noc‘r.

718 2177 905 2236 Sacris
948 2171 1239 2235 solemniis
1277 2177 1476 2253 juncta
1517 2177 1628 2235 sint
1667 2179 1892 2253 gaudia,

717 2259 792 2317 Et
833 2277 904 2316 ex
944 2255 1290 2334 praecordiis
1331 2268 1539 2316 sonent
1579 2261 1916 2334 praeconia:

722 2340 1017 2399 Recedant
1056 2348 1262 2411 vetera,
1303 2355 1455 2397 nova
1497 2340 1608 2398 sint
1650 2342 1861 2412 omnia,

882 2420 1092 2493 Corda,
1132 2439 1322 2491 voceS,
1363 2430 1421 2480 et
1461 2439 1654 2498 opera.

727 2583 929 2642 Noctis
967 2584 1233 2642 ‘recolitur
1273 2601 1458 2642 coena
1497 2585 1824 2656 novissima,

728 2665 864 2737 Qua
905 2664 1163 2725 Christus
1202 2666 1450 2724 creditur
1489 2683 1705 2741 agnum
1747 2677 1803 2725 et
1845 2685 2051 2742 azyma

726 2747 972 2806 Dedisse
1014 2747 1293 2813 fratribus,
1332 2749 1494 2824 juxta
1534 2743 1787 2824 legitima

890 2828 1096 2888 Priscis
1136 2829 1356 2887 indulta
1394 2830 1666 2905 patribus,

731 2990 870 3049 Post
908 3007 1126 3068 agnum
1166 2991 1439 3068 typicum,
1483 2993 1722 3067 expletis
1763 2993 1961 3068 epulis,

732 3072 959 3150 Corpus
1002 3073 1376 3132 Dominicum
1419 3073 1617 3132 datum
1659 3071 1967 3151 discipulis,

734 3153 827 3213 Sic
869 3164 1052 3214 totum
1093 3156 1379 3221 omnibus,
1423 3157 1583 3232 quod
1625 3165 1810 3226 totum
1851 3156 2110 3232 singulis,

890 3236 1032 3313 Ejus
1060 3236 1303 3296 fatemur
1342 3238 1624 3298 manibus.
