2442 3950
593 407 669 473 84

1015 397 1093 456 In
1133 397 1459 456 Ascenseime
1496 397 1743 456 Domini.

833 563 993 621 Illinc
1035 562 1283 620 adornas
1325 571 1381 618 et
1423 561 1581 620 foves

830 645 1149 703 Ecclesiam
1193 661 1440 719 sponsus
1482 653 1640 701 tuam
1654 663 1674 714 ·;
1733 703 1741 708 ,

829 726 1180 801 Cunctisque
1221 725 1395 782 vitam
1439 725 1657 796 dividis,

831 808 1029 865 Infusa
1068 824 1176 864 ceu
1215 824 1399 876 mens,
1444 808 1692 865 artubus.

832 972 993 1029 Illinc
1035 978 1120 1027 tot
1163 969 1307 1026 inter
1347 968 1557 1043 praelia

832 1052 1249 1112 Periclitantem
1294 1051 1572 1124 sustines;

830 1135 954 1193 Das
992 1132 1252 1192 militanti
1293 1132 1533 1203 vincere,

832 1217 1092 1274 Palmam
1133 1213 1503 1289 triumphanti
1546 1232 1729 1290 paras.

830 1381 983 1452 Qun,
1028 1379 1270 1451 Christe,
1314 1379 1607 1456 praecedis
1649 1387 1837 1452 caput,

829 1462 965 1521 Huc
1007 1464 1292 1538 integrum
1333 1478 1541 1535 corpus
1583 1478 1786 1518 vocas:

827 1544 1100 1620 Vestigiis
1142 1545 1332 1601 tritam
1373 1543 1483 1600 tuis

824 1626 939 1684 Fac
982 1627 1243 1684 membra
1286 1633 1567 1684 sectentur
1609 1622 1774 1679 viam.

825 1788 942 1859 Qui
985 1789 1160 1846 victor
1203 1789 1278 1846 ad
1319 1788 1545 1847 coelum
1586 1786 1753 1855 rediS,

821 1869 977 1946 Jesu,
1020 1870 1122 1928 tibi
1165 1871 1237 1928 sit
1277 1871 1473 1946 gloria,

824 1951 974 2010 Cum
1018 1951 1200 2023 Patre,
1245 1969 1493 2028 cumque
1538 1947 1762 2025 Spiritu,

821 2035 891 2092 In
933 2035 1280 2111 sempiterna
1322 2034 1527 2093 secula.

1036 2392 1128 2435 AD
1170 2390 1477 2442 OFFICIUM
1523 2390 1711 2435 Nocr.

739 2578 1044 2647 Promissa,
1089 2578 1271 2649 telluS‚
1312 2577 1554 2651 concipe
1596 2575 1841 2651 gaudia3

736 2660 826 2717 Te
868 2659 1054 2718 fausta
1093 2661 1257 2718 coelo
1299 2659 1561 2717 conciliat
1603 2658 1757 2716 dies:

734 2742 896 2800 Deus
935 2750 1220 2801 tumentes
1262 2751 1439 2817 ponet
1480 2740 1623 2797 iras:

734 2823 943 2881 Sancta
981 2832 1112 2881 tuus
1155 2823 1442 2882 Mediator
1484 2822 1665 2879 intrat.

733 2985 845 3056 Tu,
891 2984 1130 3055 Christe,
1173 2985 1352 3043 victor
1392 2985 1591 3047 mortis
1632 2993 1689 3042 et
1730 2981 1908 3050 inferi,

734 3067 951 3125 Cruore
993 3076 1216 3141 partam
1260 3067 1486 3141 suscipe
1528 3066 1801 3142 gloriam:

730 3148 1000 3218 Procede,
1044 3166 1238 3223 regna,
1282 3165 1445 3206 sume
1487 3158 1805 3223 sceptrum:

732 3229 1035 3306 Subjicitur
1074 3230 1176 3288 tibi
1217 3238 1371 3288 totus
1412 3230 1583 3288 orbis.
