2442 3950
1062 408 1138 467 In'
1179 408 1293 466 Die
1330 408 1674 469 pentecostes.

726 574 1092 648 Compuncta
1133 573 1351 647 passim
1393 572 1627 648 pectora
1668 574 1893 633 fletibus

728 655 995 713 Moerent
1036 655 1262 724 amaris,
1305 663 1476 730 atque
1519 656 1744 731 piaculo

724 736 945 794 Ardent
986 736 1244 793 salutaris
1286 736 1490 794 lavacri

723 817 1059 877 Praeteritas
1100 817 1332 875 abolere
1373 817 1548 876 labes.

725 983 802 1038 At
844 998 965 1037 non
1008 978 1294 1037 Hebraeis
1336 980 1608 1038 limitibus
1653 999 1810 1039 sacer

728 1062 1007 1120 Haerebit
1048 1061 1234 1119 ardor.
1321 1060 1420 1119 Sol
1461 1062 1796 1124 habitabiles

728 1144 862 1215 Qua
903 1143 1099 1200 lustrat
1141 1160 1288 1212 oraS,
1333 1142 1441 1201 hac
1483 1144 1782 1220 triumphis
1871 1212 1896 1227 Ι.

724 1225 995 1286 Materies
1036 1233 1193 1299 patet
1234 1225 1426 1300 ampla
1463 1227 1682 1284 vestris,

723 1388 855 1466 Jam
898 1387 1051 1448 mille
1094 1386 1289 1444 divum
1331 1388 1547 1463 templa
1589 1388 1715 1446 solo
1756 1397 1955 1446 ruunt:

725 1470 893 1528 Cedit
937 1469 1216 1544 superbae
1259 1468 1342 1526 vis
1387 1469 1716 1545 sapientiae,

725 1551 956 1610 Cedunt
998 1549 1238 1625 tyranni,
1282 1551 1429 1608 victa
1471 1551 1622 1609 cedit

723 1632 1071 1691 Carnificum
1110 1630 1298 1689 rabies
1341 1630 1642 1691 furentum.

726 1795 958 1856 Novum
1000 1798 1249 1871 potentis
1291 1796 1471 1870 gratia
1515 1794 1756 1870 Spiritus

724 1877 949 1935 Creavit
991 1878 1223 1936 orbem:
1282 1895 1390 1934 nos
1433 1894 1681 1952 quoque,
1725 1893 1832 1933 nos
1874 1886 2004 1935 tuae

727 1958 1049 2018 Succendat
1092 1959 1260 2018 ardor
1303 1959 1562 2030 caritatis,
1665 2005 1671 2012 .

726 2041 896 2099 Alme
938 2041 1117 2112 Deus,
1159 2051 1508 2117 renovetque
1550 2050 1719 2098 totos

724 2203 877 2261 Laus
921 2222 1148 2261 summa
1189 2203 1356 2274 Patri,
1401 2220 1740 2278 summaque
1784 2202 1958 2270 Filio;

726 2285 825 2354 Sit,
870 2296 1080 2356 sancte,
1126 2303 1364 2361 compar
1405 2285 1528 2342 laus
1570 2285 1689 2354 tibi,
1736 2283 1993 2359 SpirituS,

722 2365 859 2437 Quo
903 2367 1016 2425 dua
1057 2368 1378 2437 mitescunt,
1422 2384 1715 2447 novasque
1813 2418 1821 2424 ,

724 2447 1069 2523 Concipiunt
1109 2449 1207 2524 pia
1249 2448 1423 2508 corda
1465 2448 1744 2509 flammaS.

1028 2771 1119 2814 AD
1162 2769 1566 2815 COMPLETORI
1573 2770 1689 2816 UM.

884 2971 1059 3048 Adsis
1103 2990 1349 3049 superne
1395 2973 1651 3054 Spiritus,

883 3053 1048 3111 Pater
1088 3053 1340 3129 benigne
1382 3072 1734 3131 pauperum:

890 3135 1147 3210 Sinuque
1188 3134 1397 3194 fundas
1437 3136 1599 3193 uberi

884 3215 1175 3280 Promissa
1216 3218 1378 3276 tern's
1419 3234 1674 3278 munera.
