2442 3950
573 435 642 486 14

1195 413 1375 472 Fert'a
1415 413 1531 474 JV.

1155 689 1405 751 FERIA
1455 693 1559 752 IV.

1018 855 1109 898 AD
1151 855 1461 899 OFFICIUM
1505 855 1698 902 NOCT.
1797 922 1805 930 ι

875 976 1198 1056 Miramur„
1213 995 1255 1036 o
1293 977 1473 1049 Deus,
1514 987 1647 1038 tuae

877 1059 1108 1118 Recens
1149 1078 1299 1136 opus
1340 1060 1647 1136 potentiae,
1827 1115 1833 1124 .

874 1139 1044 1212 Quae
1085 1142 1295 1217 scripta
1336 1141 1768 1202 scintillantibus

873 1221 1144 1298 Refulget
1183 1234 1467 1284 astrorum
1511 1224 1717 1299 globiS.

867 1384 948 1444 Ut
989 1385 1077 1444 sol
1119 1385 1249 1456 diei,
1292 1385 1539 1444 candida

867 1466 962 1524 Sic
1001 1467 1137 1525 luna
1177 1467 1335 1526 nocti
1376 1467 1697 1544 praesidet3

864 1548 1135 1607 Exercitu
1173 1556 1362 1606 totum
1404 1567 1557 1608 novo

861 1629 1273 1689 Discriminant
1314 1631 1507 1692 stellae
1548 1630 1764 1707 polum.

859 1792 939 1852 At
980 1793 1122 1868 ipse,
1165 1792 1459 1852 coelorum
1501 1791 1693 1863 decus»,

861 1874 960 1933 Sol
1001 1875 1158 1932 novit
1199 1892 1441 1933 occasus
1483 1892 1658 1934 suos:

861 1956 1005 2015 Sunt
1045 1965 1201 2017 certa
1241 1957 1409 2016 lunae
1450 1966 1728 2033 tempora,

858 2038 1114 2115 Statique
1156 2040 1351 2115 lapsus
1390 2038 1661 2097 siderum.

851 2200 988 2279 Jugi
1027 2210 1212 2260 rotata
1253 2201 1477 2259 tus-bine
1544 2268 1549 2283 Ι

849 2284 1130 2341 Ful-antur
1171 2293 1228 2341 et
1268 2283 1515 2341 reddunt
1554 2282 1742 2341 diem:
1802 2329 1809 2337 .

851 2365 949 2425 Tu
991 2383 1218 2440 semper
1258 2364 1431 2435 idem,
1473 2365 1701 2423 nescius

849 2444 1181 2505 Mortalium
1226 2464 1391 2521 spem
1432 2445 1640 2505 fallere.

846 2608 1106 2668 Turbata
1147 2607 1287 2684 quid
1326 2626 1495 2666 mens
1535 2607 1811 2667 fluctuet?

847 2691 1002 2750 Cura
1040 2701 1279 2767 paterna
1319 2708 1428 2747 nos
1469 2689 1656 2765 regis:

841 2774 1094 2831 Aeterna
1135 2773 1184 2831 si
1223 2771 1386 2831 cordi
1428 2771 1596 2842 saluS‚

803 2872 810 2877 ·
840 2855 1096 2913 Aeterna
1133 2872 1245 2913 nos
1287 2853 1439 2912 salus
1480 2862 1690 2912 manet.

840 3017 1122 3093 Suprema
1161 3016 1285 3074 laus
1328 3024 1384 3074 et
1424 3014 1605 3090 gloria

836 3098 957 3157 Uni
997 3098 1070 3158 sit
1109 3107 1166 3157 et
1205 3097 1354 3156 trino
1394 3095 1543 3167 Deo,

837 3180 956 3239 Suo
997 3180 1200 3256 reponi
1240 3179 1338 3255 qui
1375 3179 1538 3255 jubet
1656 3242 1668 3260 Ι

833 3260 1018 3323 Cura-s
1059 3271 1116 3321 et
1157 3278 1404 3337 angores
1445 3260 1591 3319 sinu.
