<?xml version="1.0" encoding="UTF-8"?>
<!DOCTYPE html PUBLIC "-//W3C//DTD XHTML 1.0 Transitional//EN"
    "http://www.w3.org/TR/xhtml1/DTD/xhtml1-transitional.dtd">
<html xmlns="http://www.w3.org/1999/xhtml" xml:lang="en" lang="en">
 <head>
  <title>
</title>
<meta http-equiv="Content-Type" content="text/html;charset=utf-8" />
  <meta name='ocr-system' content='tesseract 3.04.00' />
  <meta name='ocr-capabilities' content='ocr_page ocr_carea ocr_par ocr_line ocrx_word'/>
</head>
<body>
  <div class='ocr_page' id='page_1' title='image "./hymniecclesiae03churgoog_0106.png"; bbox 0 0 2442 3950; ppageno 0'>
   <div class='ocr_carea' id='block_1_1' title="bbox 13 2 558 11">
    <p class='ocr_par' dir='ltr' id='par_1_1' title="bbox 13 2 558 11">
     <span class='ocr_line' id='line_1_1' title="bbox 13 2 558 11; baseline -0.006 -2"><span class='ocrx_word' id='word_1_1' title='bbox 13 2 256 11; x_wconf 51' lang='lat' dir='ltr'><strong>*w</strong></span> <span class='ocrx_word' id='word_1_2' title='bbox 273 2 388 11; x_wconf 65' lang='lat'>-——-</span> <span class='ocrx_word' id='word_1_3' title='bbox 403 2 486 9; x_wconf 54' lang='grc' dir='ltr'><strong>-η--ν</strong></span> <span class='ocrx_word' id='word_1_4' title='bbox 503 4 558 8; x_wconf 45' lang='grc' dir='ltr'><strong>-Ψ-</strong></span> 
     </span>
    </p>
   </div>
   <div class='ocr_carea' id='block_1_2' title="bbox 533 460 613 517">
    <p class='ocr_par' dir='ltr' id='par_1_2' title="bbox 533 460 613 517">
     <span class='ocr_line' id='line_1_2' title="bbox 533 460 613 517; baseline -0.038 0"><span class='ocrx_word' id='word_1_5' title='bbox 533 460 613 517; x_wconf 76' lang='lat'><strong>86</strong></span> 
     </span>
    </p>
   </div>
   <div class='ocr_carea' id='block_1_3' title="bbox 961 452 1704 516">
    <p class='ocr_par' dir='ltr' id='par_1_3' title="bbox 961 452 1704 516">
     <span class='ocr_line' id='line_1_3' title="bbox 961 452 1704 516; baseline 0.004 -3"><span class='ocrx_word' id='word_1_6' title='bbox 961 454 1041 513; x_wconf 81' lang='lat' dir='ltr'><strong>In</strong></span> <span class='ocrx_word' id='word_1_7' title='bbox 1086 452 1297 513; x_wconf 61' lang='grc' dir='ltr'><em>Θόανα</em></span> <span class='ocrx_word' id='word_1_8' title='bbox 1334 452 1704 516; x_wconf 59' lang='lat' dir='ltr'><strong>Ascensz‘onss.</strong></span> 
     </span>
    </p>
   </div>
   <div class='ocr_carea' id='block_1_4' title="bbox 856 619 1521 695">
    <p class='ocr_par' dir='ltr' id='par_1_4' title="bbox 856 619 1521 695">
     <span class='ocr_line' id='line_1_4' title="bbox 856 619 1521 695; baseline 0 -18"><span class='ocrx_word' id='word_1_9' title='bbox 856 619 991 695; x_wconf 80' lang='lat' dir='ltr'><strong>Ipsa</strong></span> <span class='ocrx_word' id='word_1_10' title='bbox 1030 628 1091 677; x_wconf 88' lang='lat' dir='ltr'><strong>te</strong></span> <span class='ocrx_word' id='word_1_11' title='bbox 1121 624 1301 693; x_wconf 82' lang='lat' dir='ltr'><strong>&#39;cogat</strong></span> <span class='ocrx_word' id='word_1_12' title='bbox 1339 619 1521 694; x_wconf 87' lang='lat' dir='ltr'><strong>pietas</strong></span> 
     </span>
    </p>
   </div>
   <div class='ocr_carea' id='block_1_5' title="bbox 738 699 1638 776">
    <p class='ocr_par' dir='ltr' id='par_1_5' title="bbox 738 699 1638 776">
     <span class='ocr_line' id='line_1_5' title="bbox 738 699 1638 776; baseline 0.001 -17"><span class='ocrx_word' id='word_1_13' title='bbox 738 720 745 732; x_wconf 83' lang='lat'>·</span> <span class='ocrx_word' id='word_1_14' title='bbox 855 700 936 759; x_wconf 89' lang='lat' dir='ltr'><strong>Ut</strong></span> <span class='ocrx_word' id='word_1_15' title='bbox 975 699 1129 757; x_wconf 75' lang='lat' dir='ltr'><strong>mala</strong></span> <span class='ocrx_word' id='word_1_16' title='bbox 1167 709 1364 758; x_wconf 84' lang='lat' dir='ltr'><strong>nostra</strong></span> <span class='ocrx_word' id='word_1_17' title='bbox 1404 719 1638 776; x_wconf 89' lang='lat' dir='ltr'><strong>superes</strong></span> 
     </span>
    </p>
   </div>
   <div class='ocr_carea' id='block_1_6' title="bbox 856 782 1813 923">
    <p class='ocr_par' dir='ltr' id='par_1_6' title="bbox 856 782 1813 923">
     <span class='ocr_line' id='line_1_6' title="bbox 856 782 1813 859; baseline 0.004 -20"><span class='ocrx_word' id='word_1_18' title='bbox 856 782 1170 852; x_wconf 78' lang='lat' dir='ltr'><strong>Parcendo,</strong></span> <span class='ocrx_word' id='word_1_19' title='bbox 1213 790 1274 839; x_wconf 80' lang='lat' dir='ltr'><strong>et</strong></span> <span class='ocrx_word' id='word_1_20' title='bbox 1310 782 1426 839; x_wconf 74' lang='lat' dir='ltr'><strong>voti</strong></span> <span class='ocrx_word' id='word_1_21' title='bbox 1468 794 1776 859; x_wconf 81' lang='lat' dir='ltr'><strong>compotes</strong></span> <span class='ocrx_word' id='word_1_22' title='bbox 1805 783 1813 857; x_wconf 66' lang='lat' dir='ltr'>f</span> 
     </span>
     <span class='ocr_line' id='line_1_7' title="bbox 857 864 1552 923; baseline 0.001 -2"><span class='ocrx_word' id='word_1_23' title='bbox 857 864 985 922; x_wconf 90' lang='lat' dir='ltr'><strong>Nos</strong></span> <span class='ocrx_word' id='word_1_24' title='bbox 1025 874 1127 921; x_wconf 87' lang='lat' dir='ltr'><strong>tuo</strong></span> <span class='ocrx_word' id='word_1_25' title='bbox 1166 864 1327 921; x_wconf 79' lang='lat' dir='ltr'><strong>vultu</strong></span> <span class='ocrx_word' id='word_1_26' title='bbox 1365 864 1552 923; x_wconf 87' lang='lat' dir='ltr'><strong>saties.</strong></span> 
     </span>
    </p>
   </div>
   <div class='ocr_carea' id='block_1_7' title="bbox 857 1018 1760 1347">
    <p class='ocr_par' dir='ltr' id='par_1_7' title="bbox 857 1018 1760 1265">
     <span class='ocr_line' id='line_1_8' title="bbox 857 1018 1760 1102; baseline 0.003 -19"><span class='ocrx_word' id='word_1_27' title='bbox 857 1018 954 1083; x_wconf 65' lang='lat' dir='ltr'><strong>To</strong></span> <span class='ocrx_word' id='word_1_28' title='bbox 995 1035 1119 1085; x_wconf 84' lang='lat' dir='ltr'><strong>esto</strong></span> <span class='ocrx_word' id='word_1_29' title='bbox 1159 1034 1424 1083; x_wconf 85' lang='lat' dir='ltr'><strong>nostrum</strong></span> <span class='ocrx_word' id='word_1_30' title='bbox 1461 1028 1760 1102; x_wconf 85' lang='lat' dir='ltr'><strong>gaudium,</strong></span> 
     </span>
     <span class='ocr_line' id='line_1_9' title="bbox 859 1106 1737 1183; baseline 0.002 -18"><span class='ocrx_word' id='word_1_31' title='bbox 859 1107 977 1179; x_wconf 89' lang='lat' dir='ltr'><strong>Qui</strong></span> <span class='ocrx_word' id='word_1_32' title='bbox 1018 1126 1081 1165; x_wconf 89' lang='lat' dir='ltr'><strong>es</strong></span> <span class='ocrx_word' id='word_1_33' title='bbox 1123 1106 1343 1165; x_wconf 76' lang='lat' dir='ltr'><strong>futurus</strong></span> <span class='ocrx_word' id='word_1_34' title='bbox 1383 1110 1737 1183; x_wconf 80' lang='lat' dir='ltr'><strong>praemium:</strong></span> 
     </span>
     <span class='ocr_line' id='line_1_10' title="bbox 860 1189 1598 1265; baseline 0.007 -20"><span class='ocrx_word' id='word_1_35' title='bbox 860 1189 930 1245; x_wconf 96' lang='lat' dir='ltr'><strong>In</strong></span> <span class='ocrx_word' id='word_1_36' title='bbox 970 1199 1032 1247; x_wconf 89' lang='lat' dir='ltr'><strong>te</strong></span> <span class='ocrx_word' id='word_1_37' title='bbox 1070 1190 1143 1248; x_wconf 88' lang='lat' dir='ltr'><strong>sit</strong></span> <span class='ocrx_word' id='word_1_38' title='bbox 1182 1198 1378 1247; x_wconf 85' lang='lat' dir='ltr'><strong>nostra</strong></span> <span class='ocrx_word' id='word_1_39' title='bbox 1416 1190 1598 1265; x_wconf 73' lang='lat' dir='ltr'><strong>gloria</strong></span> 
     </span>
    </p>

    <p class='ocr_par' dir='ltr' id='par_1_8' title="bbox 859 1270 1739 1347">
     <span class='ocr_line' id='line_1_11' title="bbox 859 1270 1739 1347; baseline 0.005 -20"><span class='ocrx_word' id='word_1_40' title='bbox 859 1270 969 1329; x_wconf 91' lang='lat' dir='ltr'><strong>Per</strong></span> <span class='ocrx_word' id='word_1_41' title='bbox 1009 1279 1215 1330; x_wconf 87' lang='lat' dir='ltr'><strong>cuncta</strong></span> <span class='ocrx_word' id='word_1_42' title='bbox 1257 1289 1486 1347; x_wconf 81' lang='lat' dir='ltr'><strong>semper</strong></span> <span class='ocrx_word' id='word_1_43' title='bbox 1527 1274 1739 1333; x_wconf 82' lang='lat' dir='ltr'><strong>secula.</strong></span> 
     </span>
    </p>
   </div>
   <div class='ocr_carea' id='block_1_8' title="bbox 1174 1456 1496 1467">
    <p class='ocr_par' dir='ltr' id='par_1_9' title="bbox 1174 1456 1496 1467">
     <span class='ocr_line' id='line_1_12' title="bbox 1174 1456 1496 1467; baseline 0 2483"><span class='ocrx_word' id='word_1_44' title='bbox 1174 1456 1496 1467; x_wconf 95' lang='lat' dir='ltr'><strong> </strong></span> 
     </span>
    </p>
   </div>
   <div class='ocr_carea' id='block_1_9' title="bbox 802 1550 1876 1649">
    <p class='ocr_par' dir='ltr' id='par_1_10' title="bbox 802 1550 1876 1649">
     <span class='ocr_line' id='line_1_13' title="bbox 802 1550 1876 1649; baseline -0.006 -2"><span class='ocrx_word' id='word_1_45' title='bbox 802 1590 891 1647; x_wconf 88' lang='lat' dir='ltr'><strong>IN</strong></span> <span class='ocrx_word' id='word_1_46' title='bbox 934 1588 1276 1649; x_wconf 78' lang='lat' dir='ltr'><strong>OCTAVA</strong></span> <span class='ocrx_word' id='word_1_47' title='bbox 1317 1550 1876 1645; x_wconf 68' lang='lat' dir='ltr'>ASCENSIONIS.</span> 
     </span>
    </p>
   </div>
   <div class='ocr_carea' id='block_1_10' title="bbox 976 1732 1710 1778">
    <p class='ocr_par' dir='ltr' id='par_1_11' title="bbox 976 1732 1710 1778">
     <span class='ocr_line' id='line_1_14' title="bbox 976 1732 1710 1778; baseline -0.003 -1"><span class='ocrx_word' id='word_1_48' title='bbox 976 1735 1067 1778; x_wconf 88' lang='lat' dir='ltr'><strong>AD</strong></span> <span class='ocrx_word' id='word_1_49' title='bbox 1110 1734 1349 1777; x_wconf 82' lang='lat' dir='ltr'><strong>PRIMAs</strong></span> <span class='ocrx_word' id='word_1_50' title='bbox 1388 1732 1710 1776; x_wconf 74' lang='lat' dir='ltr'>VESPERAS.</span> 
     </span>
    </p>
   </div>
   <div class='ocr_carea' id='block_1_11' title="bbox 778 1856 1785 2163">
    <p class='ocr_par' dir='ltr' id='par_1_12' title="bbox 778 1856 1498 1926">
     <span class='ocr_line' id='line_1_15' title="bbox 778 1856 1498 1926; baseline -0.006 -9"><span class='ocrx_word' id='word_1_51' title='bbox 778 1860 940 1917; x_wconf 86' lang='lat' dir='ltr'><strong>Felix</strong></span> <span class='ocrx_word' id='word_1_52' title='bbox 982 1858 1104 1917; x_wconf 90' lang='lat' dir='ltr'><strong>dies</strong></span> <span class='ocrx_word' id='word_1_53' title='bbox 1144 1856 1498 1926; x_wconf 82' lang='lat' dir='ltr'><strong>mortalibuS,</strong></span> 
     </span>
    </p>

    <p class='ocr_par' dir='ltr' id='par_1_13' title="bbox 785 1936 1785 2163">
     <span class='ocr_line' id='line_1_16' title="bbox 785 1936 1785 2017; baseline -0.006 -19"><span class='ocrx_word' id='word_1_54' title='bbox 785 1940 921 2013; x_wconf 83' lang='lat' dir='ltr'><strong>Qua</strong></span> <span class='ocrx_word' id='word_1_55' title='bbox 960 1959 1063 2017; x_wconf 89' lang='lat' dir='ltr'><strong>per</strong></span> <span class='ocrx_word' id='word_1_56' title='bbox 1102 1938 1402 2016; x_wconf 84' lang='lat' dir='ltr'><strong>profusum</strong></span> <span class='ocrx_word' id='word_1_57' title='bbox 1443 1936 1785 2012; x_wconf 85' lang='lat' dir='ltr'><strong>sanguinem</strong></span> 
     </span>
     <span class='ocr_line' id='line_1_17' title="bbox 787 2019 1598 2082; baseline -0.005 -2"><span class='ocrx_word' id='word_1_58' title='bbox 787 2023 991 2082; x_wconf 89' lang='lat' dir='ltr'>Homo</span> <span class='ocrx_word' id='word_1_59' title='bbox 1032 2021 1194 2080; x_wconf 90' lang='lat' dir='ltr'><strong>Deus</strong></span> <span class='ocrx_word' id='word_1_60' title='bbox 1236 2021 1457 2078; x_wconf 84' lang='lat' dir='ltr'><strong>clausas</strong></span> <span class='ocrx_word' id='word_1_61' title='bbox 1499 2019 1598 2077; x_wconf 86' lang='lat' dir='ltr'><strong>diu</strong></span> 
     </span>
     <span class='ocr_line' id='line_1_18' title="bbox 788 2101 1607 2163; baseline -0.002 -3"><span class='ocrx_word' id='word_1_62' title='bbox 788 2105 1021 2163; x_wconf 87' lang='lat' dir='ltr'><strong>Intravit</strong></span> <span class='ocrx_word' id='word_1_63' title='bbox 1062 2111 1320 2162; x_wconf 80' lang='lat' dir='ltr'><strong>aeternas</strong></span> <span class='ocrx_word' id='word_1_64' title='bbox 1363 2101 1607 2160; x_wconf 80' lang='lat' dir='ltr'><strong>domos!</strong></span> 
     </span>
    </p>
   </div>
   <div class='ocr_carea' id='block_1_12' title="bbox 786 2266 1926 2586">
    <p class='ocr_par' dir='ltr' id='par_1_14' title="bbox 786 2266 1926 2425">
     <span class='ocr_line' id='line_1_19' title="bbox 788 2266 1926 2340; baseline -0.004 -17"><span class='ocrx_word' id='word_1_65' title='bbox 788 2267 915 2325; x_wconf 93' lang='lat' dir='ltr'><strong>Nos</strong></span> <span class='ocrx_word' id='word_1_66' title='bbox 956 2266 1234 2335; x_wconf 81' lang='lat' dir='ltr'><strong>membra,</strong></span> <span class='ocrx_word' id='word_1_67' title='bbox 1277 2281 1394 2340; x_wconf 90' lang='lat' dir='ltr'><strong>quo</strong></span> <span class='ocrx_word' id='word_1_68' title='bbox 1435 2271 1694 2320; x_wconf 88' lang='lat' dir='ltr'><strong>nostrum</strong></span> <span class='ocrx_word' id='word_1_69' title='bbox 1734 2271 1926 2338; x_wconf 87' lang='lat' dir='ltr'><strong>caput,</strong></span> 
     </span>
     <span class='ocr_line' id='line_1_20' title="bbox 786 2345 1660 2425; baseline -0.008 -18"><span class='ocrx_word' id='word_1_70' title='bbox 786 2347 924 2419; x_wconf 86' lang='lat' dir='ltr'><strong>Quo</strong></span> <span class='ocrx_word' id='word_1_71' title='bbox 965 2349 1083 2406; x_wconf 87' lang='lat' dir='ltr'><strong>dux</strong></span> <span class='ocrx_word' id='word_1_72' title='bbox 1124 2347 1383 2425; x_wconf 44' lang='lat' dir='ltr'><strong>praeivit,x</strong></span> <span class='ocrx_word' id='word_1_73' title='bbox 1418 2345 1660 2402; x_wconf 88' lang='lat' dir='ltr'><strong>ibimus:</strong></span> 
     </span>
    </p>

    <p class='ocr_par' dir='ltr' id='par_1_15' title="bbox 794 2425 1690 2506">
     <span class='ocr_line' id='line_1_21' title="bbox 794 2425 1690 2506; baseline -0.008 -19"><span class='ocrx_word' id='word_1_74' title='bbox 794 2428 854 2486; x_wconf 90' lang='lat' dir='ltr'><strong>Si</strong></span> <span class='ocrx_word' id='word_1_75' title='bbox 892 2431 1095 2506; x_wconf 82' lang='lat' dir='ltr'><strong>jungat</strong></span> <span class='ocrx_word' id='word_1_76' title='bbox 1134 2446 1251 2485; x_wconf 86' lang='lat' dir='ltr'><strong>una</strong></span> <span class='ocrx_word' id='word_1_77' title='bbox 1291 2445 1457 2485; x_wconf 89' lang='lat' dir='ltr'><strong>mens</strong></span> <span class='ocrx_word' id='word_1_78' title='bbox 1500 2425 1690 2495; x_wconf 87' lang='lat' dir='ltr'><strong>simul,</strong></span> 
     </span>
    </p>

    <p class='ocr_par' dir='ltr' id='par_1_16' title="bbox 788 2507 1550 2586">
     <span class='ocr_line' id='line_1_22' title="bbox 788 2507 1550 2586; baseline -0.004 -19"><span class='ocrx_word' id='word_1_79' title='bbox 788 2509 917 2569; x_wconf 88' lang='lat' dir='ltr'><strong>Nos</strong></span> <span class='ocrx_word' id='word_1_80' title='bbox 956 2529 1074 2569; x_wconf 87' lang='lat' dir='ltr'><strong>una</strong></span> <span class='ocrx_word' id='word_1_81' title='bbox 1109 2511 1313 2586; x_wconf 82' lang='lat' dir='ltr'><strong>junget</strong></span> <span class='ocrx_word' id='word_1_82' title='bbox 1353 2507 1550 2584; x_wconf 82' lang='lat' dir='ltr'><strong>gloria.</strong></span> 
     </span>
    </p>
   </div>
   <div class='ocr_carea' id='block_1_13' title="bbox 788 2670 1641 2977">
    <p class='ocr_par' dir='ltr' id='par_1_17' title="bbox 788 2670 1641 2977">
     <span class='ocr_line' id='line_1_23' title="bbox 788 2670 1549 2739; baseline -0.004 -9"><span class='ocrx_word' id='word_1_83' title='bbox 788 2674 1069 2732; x_wconf 87' lang='lat' dir='ltr'><strong>Discessit</strong></span> <span class='ocrx_word' id='word_1_84' title='bbox 1107 2682 1167 2730; x_wconf 90' lang='lat' dir='ltr'><strong>et</strong></span> <span class='ocrx_word' id='word_1_85' title='bbox 1207 2671 1325 2731; x_wconf 89' lang='lat' dir='ltr'><strong>suis</strong></span> <span class='ocrx_word' id='word_1_86' title='bbox 1369 2670 1549 2739; x_wconf 86' lang='lat' dir='ltr'><strong>adest,</strong></span> 
     </span>
     <span class='ocr_line' id='line_1_24' title="bbox 790 2751 1641 2829; baseline -0.006 -17"><span class='ocrx_word' id='word_1_87' title='bbox 790 2755 1097 2814; x_wconf 82' lang='lat' dir='ltr'><strong>Praesente</strong></span> <span class='ocrx_word' id='word_1_88' title='bbox 1138 2771 1367 2829; x_wconf 85' lang='lat' dir='ltr'><strong>semper</strong></span> <span class='ocrx_word' id='word_1_89' title='bbox 1409 2751 1641 2828; x_wconf 88' lang='lat' dir='ltr'>Spiritu,</span> 
     </span>
     <span class='ocr_line' id='line_1_25' title="bbox 790 2833 1565 2908; baseline -0.006 -14"><span class='ocrx_word' id='word_1_90' title='bbox 790 2837 1045 2895; x_wconf 88' lang='lat' dir='ltr'><strong>Miscens</strong></span> <span class='ocrx_word' id='word_1_91' title='bbox 1086 2854 1193 2894; x_wconf 90' lang='lat' dir='ltr'><strong>suo</strong></span> <span class='ocrx_word' id='word_1_92' title='bbox 1235 2853 1299 2893; x_wconf 93' lang='lat' dir='ltr'><strong>se</strong></span> <span class='ocrx_word' id='word_1_93' title='bbox 1340 2833 1565 2908; x_wconf 89' lang='lat' dir='ltr'><strong>corpori</strong></span> 
     </span>
     <span class='ocr_line' id='line_1_26' title="bbox 792 2915 1551 2977; baseline -0.008 0"><span class='ocrx_word' id='word_1_94' title='bbox 792 2917 1013 2977; x_wconf 91' lang='lat' dir='ltr'><strong>Omnes</strong></span> <span class='ocrx_word' id='word_1_95' title='bbox 1054 2918 1113 2975; x_wconf 89' lang='lat' dir='ltr'><strong>in</strong></span> <span class='ocrx_word' id='word_1_96' title='bbox 1154 2926 1309 2975; x_wconf 84' lang='lat' dir='ltr'><strong>artus</strong></span> <span class='ocrx_word' id='word_1_97' title='bbox 1351 2915 1551 2972; x_wconf 87' lang='lat' dir='ltr'><strong>influit.</strong></span> 
     </span>
    </p>
   </div>
   <div class='ocr_carea' id='block_1_14' title="bbox 780 3077 1668 3384">
    <p class='ocr_par' dir='ltr' id='par_1_18' title="bbox 780 3077 1668 3384">
     <span class='ocr_line' id='line_1_27' title="bbox 784 3077 1643 3155; baseline -0.007 -16"><span class='ocrx_word' id='word_1_98' title='bbox 784 3083 861 3139; x_wconf 86' lang='lat' dir='ltr'><strong>At</strong></span> <span class='ocrx_word' id='word_1_99' title='bbox 900 3080 996 3138; x_wconf 85' lang='lat' dir='ltr'><strong>illa</strong></span> <span class='ocrx_word' id='word_1_100' title='bbox 1035 3082 1217 3155; x_wconf 84' lang='lat' dir='ltr'><strong>quae!</strong></span> <span class='ocrx_word' id='word_1_101' title='bbox 1261 3077 1442 3155; x_wconf 85' lang='lat' dir='ltr'><strong>qualis</strong></span> <span class='ocrx_word' id='word_1_102' title='bbox 1483 3077 1643 3136; x_wconf 79' lang='lat' dir='ltr'><strong>dies!</strong></span> 
     </span>
     <span class='ocr_line' id='line_1_28' title="bbox 785 3159 1584 3228; baseline -0.006 -8"><span class='ocrx_word' id='word_1_103' title='bbox 785 3163 927 3220; x_wconf 90' lang='lat' dir='ltr'><strong>Dies</strong></span> <span class='ocrx_word' id='word_1_104' title='bbox 968 3161 1267 3219; x_wconf 82' lang='lat' dir='ltr'><strong>tremenda</strong></span> <span class='ocrx_word' id='word_1_105' title='bbox 1295 3159 1584 3228; x_wconf 74' lang='lat' dir='ltr'><strong>sontibus,</strong></span> 
     </span>
     <span class='ocr_line' id='line_1_29' title="bbox 780 3242 1668 3302; baseline -0.007 0"><span class='ocrx_word' id='word_1_106' title='bbox 780 3245 938 3302; x_wconf 89' lang='lat' dir='ltr'><strong>Dum</strong></span> <span class='ocrx_word' id='word_1_107' title='bbox 982 3243 1117 3302; x_wconf 89' lang='lat' dir='ltr'><strong>sede</strong></span> <span class='ocrx_word' id='word_1_108' title='bbox 1158 3242 1514 3301; x_wconf 89' lang='lat' dir='ltr'><strong>descendens</strong></span> <span class='ocrx_word' id='word_1_109' title='bbox 1558 3257 1668 3297; x_wconf 84' lang='lat' dir='ltr'><strong>sua</strong></span> 
     </span>
     <span class='ocr_line' id='line_1_30' title="bbox 788 3323 1570 3384; baseline -0.005 -2"><span class='ocrx_word' id='word_1_110' title='bbox 788 3325 1021 3384; x_wconf 89' lang='lat' dir='ltr'><strong>Redibit</strong></span> <span class='ocrx_word' id='word_1_111' title='bbox 1060 3325 1208 3382; x_wconf 92' lang='lat' dir='ltr'><strong>ultor</strong></span> <span class='ocrx_word' id='word_1_112' title='bbox 1250 3323 1570 3381; x_wconf 85' lang='lat' dir='ltr'><strong>criminum.</strong></span> 
     </span>
    </p>
   </div>
  </div>
 </body>
</html>
