2442 3950
1148 455 1459 505 PRAEFA
1479 457 1620 506 ΤΙΟ.

589 642 767 694 nostris,
792 641 883 699 qui,
908 654 1046 686 caeco
1080 639 1281 699 quodam
1314 637 1666 692 reformationis,
1690 650 1830 696 quam
1854 643 2038 689 vocant,
2059 641 2174 680 aestu

591 771 637 814 in
660 768 857 814 Ecclesia
892 769 1058 828 passim
1092 769 1310 821 fervente,
1334 781 1360 812 e
1382 764 1672 828 religionibus
1706 764 1809 818 suis,
1834 778 1928 810 non
1962 778 2074 823 quae
2104 777 2173 808 ex-

592 901 792 938 terorum
834 891 1031 937 studium
1073 899 1295 950 posceret,
1330 891 1407 937 sed
1448 905 1563 949 quae
1605 890 1672 937 vis
1711 897 2019 949 extorqueret,
2051 889 2171 934 missa

590 1016 825 1069 fecerunt;
876 1030 916 1088 a,
949 1015 1177 1060 malesana
1219 1013 1506 1072 philosophia
1547 1014 1710 1073 ereptis
1746 1014 1951 1068 caeteris,
1991 1028 2043 1058 ea
2080 1026 2176 1056 con-

590 1137 807 1192 cedendo,
844 1151 961 1196 quae
1000 1137 1292 1183 sanctitatem
1332 1137 1465 1196 plane
1504 1125 1690 1192 nullam,
1730 1152 1889 1197 parem
1931 1145 2083 1183 autem
2119 1136 2178 1180 in-

592 1262 760 1307 vidiam
805 1261 1039 1307 haberent.
1114 1262 1236 1306 Hinc
1277 1261 1354 1316 illi,
1394 1262 1556 1340 quibus
1595 1277 1716 1307 nunc
1762 1262 1948 1316 utimur,
1987 1261 2096 1306 ritus
2139 1269 2180 1306 et

546 1377 551 1382 ’
592 1383 903 1429 caeremoniae
921 1398 934 1437 ;
969 1382 1075 1428 hinc
1099 1396 1250 1431 rerum
1273 1382 1528 1428 divinarum
1551 1383 1666 1428 ordo
1685 1399 1697 1437 ;
1731 1381 1839 1427 hinc
1862 1390 1908 1426 et
1933 1380 2183 1440 disciplinae

590 1513 771 1553 nostrae
795 1507 941 1552 forma
967 1514 1012 1551 et
1036 1506 1199 1568 agendi
1222 1507 1341 1552 ratio
1365 1507 1607 1566 repetenda
1631 1514 1713 1554 est.

663 1629 802 1684 Quod
843 1629 877 1674 si
912 1629 993 1674 fiat
1028 1629 1250 1687 quaestio,
1285 1643 1364 1674 cur
1402 1629 1731 1692 diligentissimi
1765 1629 1865 1684 viri,
1900 1643 2004 1674 cum
2037 1635 2187 1673 nostra

592 1753 745 1798 omnia
770 1761 1082 1807 retractarent,
1110 1753 1412 1814 hymnodiam
1445 1754 1593 1802 solum
1623 1754 1864 1808 intactam,
1889 1762 1936 1799 et
1965 1762 2186 1812 tanquam

590 1879 890 1938 desperatam,
914 1894 971 1925 ne
995 1880 1145 1925 dicam
1168 1880 1479 1939 improbatam
1502 1881 1778 1940 reliquerint,
1794 1880 1840 1926 id
1863 1895 1972 1926 vero
1996 1894 2052 1926 ex
2074 1880 2189 1938 ejus-

591 2002 716 2047 modi
740 2003 917 2049 silentio
941 2003 1128 2048 minime
1161 2003 1468 2065 colligendum
1499 2004 1597 2049 erit.
1663 2003 1804 2058 Nam,
1829 2018 1934 2049 cum
1966 2011 2188 2049 statutum

592 2134 721 2181 esset,
739 2135 791 2172 ut
815 2128 961 2173 cultus
985 2127 1176 2181 divinus,
1194 2142 1250 2172 eo
1275 2142 1414 2187 usque
1438 2128 1486 2173 in
1507 2127 1676 2173 Latino
1700 2127 1919 2173 idiomate
1943 2127 2190 2181 absolutus,

590 2252 800 2297 transiret
832 2252 877 2295 in
908 2251 1213 2305 vernaculam,
1238 2251 1338 2310 quis
1369 2251 1513 2306 daret,
1537 2259 1590 2296 ut
1620 2251 1698 2309 qui
1728 2259 1913 2310 possent
1944 2250 2111 2309 aliquid
2142 2251 2192 2295 in

592 2375 723 2420 rebus
747 2374 1058 2427 reformandis,
1078 2374 1108 2417 ii
1132 2374 1179 2418 in
1200 2373 1383 2432 poetica
1407 2373 1618 2419 florerent
1643 2374 1790 2431 simul,
1809 2374 1947 2420 verba
1967 2382 2120 2419 autem
2141 2374 2193 2419 in

591 2510 771 2541 versum
795 2505 841 2542 et
858 2496 1143 2555 quaestiones
1163 2496 1220 2541 ad
1241 2496 1444 2542 veritatis
1461 2510 1688 2551 normam,
1706 2497 1801 2556 pari
1821 2497 2001 2544 solertia
2019 2497 2194 2559 redige-

592 2622 729 2668 rent?
796 2622 928 2667 Unde
960 2624 1134 2668 factum
1167 2631 1248 2676 est,
1273 2630 1325 2667 ut
1356 2622 1405 2666 in
1435 2620 1596 2668 officiis
1631 2621 1807 2676 divinis,
1831 2621 1940 2667 dum
1971 2621 2195 2668 habemus

590 2754 785 2799 caetera,
808 2746 1004 2807 hymnos
1026 2762 1120 2792 non
1143 2746 1408 2793 habeamus.

660 2873 815 2932 Qare
856 2873 904 2917 in
943 2872 1031 2918 hac
1072 2872 1300 2919 Ecclesiae
1341 2881 1525 2919 nostrae
1564 2873 1866 2933 qualicunque
1899 2873 2068 2933 inopia,
2099 2872 2199 2921 hoc

592 3006 813 3055 tempore,
847 2996 1012 3041 Lector
1047 2995 1282 3050 benevole,
1314 2968 1398 3041 tibi
1434 2997 1702 3055 apponenda
1737 2995 1979 3041 statuimns
2013 2996 2088 3043 illa
2121 2998 2203 3043 vel

594 3120 773 3165 illorum
798 3120 973 3173 similia,
997 3135 1113 3179 quae
1136 3120 1279 3166 nostri
1304 3120 1352 3164 in
1376 3119 1557 3165 saeculo
1591 3120 1770 3165 decimo
1805 3127 1951 3174 sexto,
1977 3134 2086 3167 cum
2119 3138 2202 3168 sua

594 3250 757 3295 essent,
791 3243 847 3287 de
880 3242 1089 3289 manibus
1124 3243 1368 3301 prudenter
1403 3243 1683 3297 amiserunt3
1723 3257 1820 3288 non
1853 3241 1946 3296 illa,
1981 3256 2044 3289 ex
2076 3237 2217 3289 omni'
