2442 3950
606 362 715 414 208

992 356 1066 413 In
1117 355 1228 433 Off.
1273 355 1646 414 Dedit-adomi-
1685 355 1815 414 Ecc.

760 520 940 596 Cujus
984 521 1044 577 in
1086 519 1251 578 coelo
1292 518 1530 576 thronus
1573 528 1660 577 est
1702 519 1982 595 perenni8‚

758 601 962 660 Incolit
1004 619 1242 677 parvam
1283 599 1444 658 Deus
1487 600 1631 660 altus
1675 601 1911 658 aedem:

758 683 874 741 Hic
918 683 1184 741 adorator
1228 683 1336 740 sibi
1377 682 1620 758 quisque
1664 682 1861 740 sedem

920 764 1224 840 Praeparat
1268 764 1448 822 astris.

756 927 962 985 Nullus
1004 927 1153 985 hanc
1196 928 1365 984 turbo
1408 927 1604 1001 quatit,
1647 927 1904 984 irruentis

754 1009 926 1066 Nulla
967 1009 1049 1066 vis
1092 1008 1288 1078 nimbi,
1334 1008 1584 1083 rapidive
1629 1008 1864 1066 fluctus:

758 1090 926 1148 Cedit
967 1089 1116 1148 hanc
1157 1100 1356 1147 contra
1399 1088 1553 1147 furor
1595 1089 1903 1148 inferorum

916 1171 1110 1230 Irritus
1151 1172 1359 1229 omnis.

753 1334 908 1391 Laus⁴
949 1333 1095 1404 Deo,
1138 1335 1330 1404 virtus,
1377 1333 1578 1404 honor,
1621 1344 1678 1391 et
1720 1342 1968 1408 potestas

752 1414 885 1473 Una
926 1415 995 1474 sit
1040 1415 1204 1486 Patri,
1249 1415 1528 1490 parilique
1572 1415 1759 1472 Proli:

754 1497 862 1555 Par
905 1499 975 1556 sit
1018 1498 1323 1555 amborum
1366 1496 1468 1554 tibi
1510 1515 1694 1554 nexus
1737 1496 1910 1563 omni,

917 1578 1172 1655 Spiritus,
1217 1596 1376 1636 aevo.

1190 2005 1281 2048 AD
1327 2006 1596 2049 LAUDES.

910 2207 1066 2266 Urbs
1107 2209 1292 2280 beata,
1335 2228 1467 2267 vera
1509 2213 1667 2286 pacis
1713 2234 1718 2240 ·

906 2289 1087 2359 visio,
1132 2289 1466 2366 Jerusalem,

910 2370 1143 2442 Quanta
1184 2372 1394 2447 surgit!
1440 2373 1593 2431 celsa
1637 2376 1788 2433 saxis

916 2452 1197 2510 Conditur
1237 2454 1589 2514 viventibus:

907 2532 1074 2604 Quae
1117 2534 1327 2609 polivit,
1371 2535 1512 2594 hae'c
1555 2548 1785 2613 coaptat

909 2614 1152 2673 Sedibus
1196 2616 1313 2674 suis
1355 2615 1534 2677 Deus.

907 2778 1155 2854 Singulis
1198 2797 1271 2836 ex
1313 2780 1631 2856 margaritis

906 2858 1174 2935 Singulae
1216 2871 1416 2935 portae
1459 2863 1670 2920 nitent:

904 2940 1106 2999 Murus
1150 2943 1340 3000 omnis
1383 2942 1561 3019 fulget
1605 2962 1761 3014 aum,

903 3021 1105 3098 Fulget
1147 3025 1494 3083 unionibus:

851 3163 859 3169 ,
902 3103 1208 3179 Angularis
1251 3117 1413 3181 petra
1453 3106 1714 3164 Christus

903 3184 1128 3243 Fundat
1170 3188 1326 3245 urbis
1371 3188 1615 3246 moenia.
