2442 3950
727 375 804 435 In
845 375 1049 437 Decoll.
1093 376 1159 438 S.
1186 376 1450 457 soanm's.

668 714 760 757 AD
802 712 1126 757 SECUNDAS
1172 714 1495 761 VESPERAS.

442 922 731 981 Omnibus
772 922 968 981 m‘anat
1009 941 1176 981 cruor
1217 942 1353 983 ecce
1394 926 1583 985 venis:

442 1004 603 1063 Hinc
644 1004 795 1062 sitim
836 1004 1074 1079 longam
1114 1005 1276 1076 satia,
1317 1015 1591 1081 tyranne3

442 1085 519 1144 Et
559 1086 724 1144 cibos
765 1086 910 1143 inter
949 1095 1292 1162 paterasque
1332 1106 1480 1164 puro

608 1166 898 1243 Sanguine
938 1167 1071 1225 liba.

444 1329 525 1388 Ut
567 1340 740 1405 caput
780 1328 934 1400 vidit,
978 1329 1223 1405 dapibus
1264 1332 1494 1407 paratis,

444 1411 637 1470 Triste
680 1410 921 1469 fumanti
963 1412 1201 1469 natitare
1243 1413 1396 1483 tabo,

444 1492 667 1563 Haesit,
711 1492 971 1568 impastis
1011 1492 1355 1571 fremuitque
1397 1496 1615 1555 mensis

605 1574 845 1633 Funeris
886 1583 1101 1634 auctor.

442 1737 582 1795 Non
621 1747 817 1795 tamen
858 1736 1058 1795 frontis
1097 1737 1345 1813 gravitas
1387 1756 1622 1797 serenae

444 1818 632 1877 Cessit
673 1818 877 1877 immiti
918 1817 1125 1877 violata
1164 1817 1348 1877 ferro:

442 1900 603 1958 Dura
644 1899 887 1957 mitescit
925 1900 1157 1975 *placido
1200 1902 1310 1959 sub
1351 1919 1449 1961 ore

604 1981 811 2042 Mortis
853 1983 1065 2058 imagO.

445 2145 537 2203 Sic
580 2161 687 2203 suo
727 2162 952 2204 rursum
992 2144 1157 2204 Deus
1196 2144 1350 2205 hunc
1390 2147 1612 2224 praeire

442 2225 725 2284 Nuntium
766 2225 996 2284 Christo
1032 2226 1210 2303 jubet,
1254 2226 1559 2304 inferisque

442 2307 614 2365 Ferre
654 2325 1001 2383 praeconem
1042 2325 1193 2366 nova
1235 2309 1510 2370 liberandi

605 2387 835 2447 Gaudia
875 2389 1093 2448 mundi.

443 2550 559 2622 Qui
600 2550 735 2609 Deo
773 2549 978 2626 plenus
1018 2551 1217 2626 rigidis
1258 2551 1510 2610 futurum

443 2632 704 2691 Moribus
746 2631 1038 2692 Christum
1079 2633 1238 2692 rudis
1279 2634 1652 2709 exprimebat,

442 2713 655 2772 Debuit
697 2713 839 2771 dura
878 2731 1111 2792 quoque
1152 2723 1336 2774 morte
1377 2724 1560 2773 totum

605 2794 873 2854 Reddere
917 2795 1226 2856 Christum.

446 2956 687 3016 Summa
726 2958 850 3016 laus
891 2957 1061 3028 Patri,
1104 2957 1418 3034 genitoque
1459 2956 1691 3029 Verbo;

445 3037 519 3096 Et
558 3039 661 3097 tibi
702 3056 957 3116 compar,
998 3037 1292 3118 utriusque
1333 3056 1517 3098 nexus

449 3118 690 3196 Spiritus
733 3139 977 3198 semper,
1019 3121 1181 3182 Deus
1222 3139 1374 3180 unus
1415 3122 1576 3179 omni

608 3201 918 3278 Temporis
940 3221 1121 3263 aevo·

1415 3297 1452 3338 L
1485 3301 1514 3338 2

1774 398 1880 458 147
