2442 3950
543 450 562 487 1
584 433 652 487 18
980 426 1093 488 SS.
1135 428 1400 503 Philippi
1430 433 1482 484 et
1504 426 1715 504 Jacobi.

856 591 973 662 Qui
1016 608 1185 649 carne
1229 590 1398 652 frater
1439 591 1498 647 in
1541 609 1647 649 suo

862 672 1117 730 Mortem
1157 673 1401 747 peremit
1442 690 1698 749 corpore,

863 754 1187 813 Divinitatis
1228 772 1332 812 vos
1376 772 1513 813 suae

861 835 1207 911 Dignabitur
1247 836 1553 893 consortio,

863 998 973 1069 Da,
1019 998 1262 1068 Christe,
1305 1014 1415 1056 nos
1457 1008 1650 1056 tecum
1694 1000 1879 1069 mori3

866 1079 1093 1138 Tecum
1136 1079 1305 1138 simul
1347 1079 1423 1137 da
1464 1098 1733 1155 surgere:

863 1161 1121 1220 Terrena
1162 1161 1240 1219 da
1279 1172 1664 1233 contemnere,

863 1244 1079 1301 Amare
1121 1243 1197 1302 da
1238 1244 1522 1302 coelestia.

864 1406 948 1464 Sit
990 1406 1113 1463 laus
1155 1406 1341 1477 Patri3
1385 1406 1509 1464 laus
1551 1406 1712 1475 Filio,

865 1487 985 1559 Qui
1026 1506 1151 1558 1105,
1194 1487 1541 1564 triumphata
1581 1506 1741 1558 nece,

863 1569 961 1627 Ad
1001 1579 1152 1627 astra
1193 1587 1392 1629 secum
1437 1570 1552 1627 dux
1593 1578 1790 1627 vocat:

865 1650 1121 1726 Compar
1160 1652 1264 1709 tibi
1305 1652 1446 1723 laus,
1491 1651 1748 1727 Spiritus.

1140 2010 1234 2054 AD
1277 2010 1546 2055 LAUDES.

872 2205 1093 2280 Regnis
1134 2203 1389 2280 paternis
1409 2279 1416 2283 ⁹
1433 2205 1659 2263 debitus

869 2286 1087 2345 Cruore
1129 2304 1279 2361 quae
1320 2287 1522 2360 pandit
1565 2304 1687 2357 su0‚

868 2367 995 2426 Vos
1036 2377 1270 2443 propter
1311 2367 1524 2444 hospes
1567 2377 1788 2426 exteras

867 2449 1075 2519 Adhuc
1096 2485 1099 2488 ψ
1118 2449 1253 2506 colit
1293 2459 1468 2508 terras
1510 2449 1689 2508 Deus.

868 2611 1079 2685 Ignota
1119 2612 1296 2670 tardis
1338 2612 1633 2670 mentibus

866 2692 1069 2762 Patere
1111 2694 1209 2752 dat
1250 2694 1535 2768 mysteria,

869 2774 980 2832 Per
1019 2775 1173 2832 mille
1214 2793 1524 2850 praesagas
1567 2775 1654 2832 sui

868 2855 943 2914 Se
986 2857 1264 2932 detegens
1307 2857 1604 2932 imagines

864 3019 958 3076 En
1000 3019 1386 3078 immolandus
1428 3037 1464 3076 a
1503 3019 1686 3090 Patre,

864 3102 1051 3161 Suum
1094 3101 1280 3159 ferens
1322 3100 1542 3176 lignum
1585 3101 1763 3158 Puer:

865 3182 961 3240 En
1002 3183 1209 3257 Agnus
1251 3183 1358 3253 ille,
1405 3183 1683 3257 sanguine

864 3263 983 3334 Qui
1025 3265 1201 3322 tincta
1241 3273 1424 3323 servat
1465 3263 1675 3322 limina.
