<?xml version="1.0" encoding="UTF-8"?>
<!DOCTYPE html PUBLIC "-//W3C//DTD XHTML 1.0 Transitional//EN"
    "http://www.w3.org/TR/xhtml1/DTD/xhtml1-transitional.dtd">
<html xmlns="http://www.w3.org/1999/xhtml" xml:lang="en" lang="en">
 <head>
  <title>
</title>
<meta http-equiv="Content-Type" content="text/html;charset=utf-8" />
  <meta name='ocr-system' content='tesseract 3.04.00' />
  <meta name='ocr-capabilities' content='ocr_page ocr_carea ocr_par ocr_line ocrx_word'/>
</head>
<body>
  <div class='ocr_page' id='page_1' title='image "./hymniecclesiae03churgoog_0218.png"; bbox 0 0 2442 3950; ppageno 0'>
   <div class='ocr_carea' id='block_1_1' title="bbox 698 472 1659 554">
    <p class='ocr_par' dir='ltr' id='par_1_1' title="bbox 698 472 1659 554">
     <span class='ocr_line' id='line_1_1' title="bbox 698 472 1659 554; baseline 0.002 -24"><span class='ocrx_word' id='word_1_1' title='bbox 698 491 719 529; x_wconf 88' lang='lat'>1</span> <span class='ocrx_word' id='word_1_2' title='bbox 732 478 809 548; x_wconf 87' lang='lat'>98</span> <span class='ocrx_word' id='word_1_3' title='bbox 1026 545 1033 554; x_wconf 20' lang='grc' dir='ltr'><em>ι</em></span> <span class='ocrx_word' id='word_1_4' title='bbox 1354 472 1659 549; x_wconf 66' lang='lat' dir='ltr'>Wrgmum.</span> 
     </span>
    </p>
   </div>
   <div class='ocr_carea' id='block_1_2' title="bbox 855 621 2163 926">
    <p class='ocr_par' dir='ltr' id='par_1_2' title="bbox 855 621 2142 698">
     <span class='ocr_line' id='line_1_2' title="bbox 855 621 2142 698; baseline 0 -16"><span class='ocrx_word' id='word_1_5' title='bbox 855 623 987 693; x_wconf 76' lang='lat' dir='ltr'>Fac,</span> <span class='ocrx_word' id='word_1_6' title='bbox 1031 641 1068 681; x_wconf 95' lang='lat' dir='ltr'>o</span> <span class='ocrx_word' id='word_1_7' title='bbox 1112 621 1353 692; x_wconf 86' lang='lat' dir='ltr'>Christe,</span> <span class='ocrx_word' id='word_1_8' title='bbox 1396 632 1527 680; x_wconf 86' lang='lat' dir='ltr'>tuae</span> <span class='ocrx_word' id='word_1_9' title='bbox 1568 621 1826 698; x_wconf 86' lang='lat' dir='ltr'>Virginis</span> <span class='ocrx_word' id='word_1_10' title='bbox 1869 623 2142 694; x_wconf 79' lang='lat' dir='ltr'>aemuloS,</span> 
     </span>
    </p>

    <p class='ocr_par' dir='ltr' id='par_1_3' title="bbox 856 704 2016 780">
     <span class='ocr_line' id='line_1_3' title="bbox 856 704 2016 780; baseline -0.001 -17"><span class='ocrx_word' id='word_1_11' title='bbox 856 705 987 763; x_wconf 84' lang='lat' dir='ltr'>Hae</span> <span class='ocrx_word' id='word_1_12' title='bbox 1030 723 1139 762; x_wconf 86' lang='lat' dir='ltr'>nos</span> <span class='ocrx_word' id='word_1_13' title='bbox 1178 705 1260 762; x_wconf 87' lang='lat' dir='ltr'>ire</span> <span class='ocrx_word' id='word_1_14' title='bbox 1301 704 1402 761; x_wconf 87' lang='lat' dir='ltr'>tibi</span> <span class='ocrx_word' id='word_1_15' title='bbox 1446 722 1561 780; x_wconf 85' lang='lat' dir='ltr'>qua</span> <span class='ocrx_word' id='word_1_16' title='bbox 1599 705 1853 778; x_wconf 82' lang='lat' dir='ltr'>graditur</span> <span class='ocrx_word' id='word_1_17' title='bbox 1893 706 2016 762; x_wconf 84' lang='lat' dir='ltr'>via:</span> 
     </span>
    </p>

    <p class='ocr_par' dir='ltr' id='par_1_4' title="bbox 857 786 2163 926">
     <span class='ocr_line' id='line_1_4' title="bbox 857 786 2163 862; baseline -0.002 -17"><span class='ocrx_word' id='word_1_18' title='bbox 857 786 975 858; x_wconf 75' lang='lat' dir='ltr'>Qui</span> <span class='ocrx_word' id='word_1_19' title='bbox 1002 804 1147 862; x_wconf 89' lang='lat' dir='ltr'>gens</span> <span class='ocrx_word' id='word_1_20' title='bbox 1176 795 1374 844; x_wconf 80' lang='lat' dir='ltr'>sancta</span> <span class='ocrx_word' id='word_1_21' title='bbox 1401 803 1617 856; x_wconf 84' lang='lat' dir='ltr'>sumuS,</span> <span class='ocrx_word' id='word_1_22' title='bbox 1647 787 1902 844; x_wconf 89' lang='lat' dir='ltr'>moribus</span> <span class='ocrx_word' id='word_1_23' title='bbox 1933 787 2163 862; x_wconf 87' lang='lat' dir='ltr'>integris</span> 
     </span>
     <span class='ocr_line' id='line_1_5' title="bbox 1014 867 1664 926; baseline 0 -2"><span class='ocrx_word' id='word_1_24' title='bbox 1014 868 1131 926; x_wconf 86' lang='lat' dir='ltr'>Fac</span> <span class='ocrx_word' id='word_1_25' title='bbox 1172 868 1281 926; x_wconf 90' lang='lat' dir='ltr'>soli</span> <span class='ocrx_word' id='word_1_26' title='bbox 1321 867 1423 924; x_wconf 90' lang='lat' dir='ltr'>tibi</span> <span class='ocrx_word' id='word_1_27' title='bbox 1464 868 1664 925; x_wconf 89' lang='lat' dir='ltr'>vivere.</span> 
     </span>
    </p>
   </div>
   <div class='ocr_carea' id='block_1_3' title="bbox 851 1029 2128 1350">
    <p class='ocr_par' dir='ltr' id='par_1_5' title="bbox 851 1029 2128 1101">
     <span class='ocr_line' id='line_1_6' title="bbox 851 1029 2128 1101; baseline -0.002 -12"><span class='ocrx_word' id='word_1_28' title='bbox 851 1030 945 1089; x_wconf 85' lang='lat' dir='ltr'>Da</span> <span class='ocrx_word' id='word_1_29' title='bbox 987 1041 1058 1101; x_wconf 91' lang='lat' dir='ltr'>te,</span> <span class='ocrx_word' id='word_1_30' title='bbox 1102 1047 1328 1088; x_wconf 91' lang='lat' dir='ltr'>summe</span> <span class='ocrx_word' id='word_1_31' title='bbox 1370 1029 1553 1101; x_wconf 86' lang='lat' dir='ltr'>Pater,</span> <span class='ocrx_word' id='word_1_32' title='bbox 1596 1030 1792 1088; x_wconf 90' lang='lat' dir='ltr'>tollere</span> <span class='ocrx_word' id='word_1_33' title='bbox 1833 1030 2128 1091; x_wconf 84' lang='lat' dir='ltr'>laudibus:</span> 
     </span>
    </p>

    <p class='ocr_par' dir='ltr' id='par_1_6' title="bbox 851 1110 2109 1187">
     <span class='ocr_line' id='line_1_7' title="bbox 851 1110 2109 1187; baseline -0.002 -17"><span class='ocrx_word' id='word_1_34' title='bbox 851 1113 945 1170; x_wconf 86' lang='lat' dir='ltr'>Da</span> <span class='ocrx_word' id='word_1_35' title='bbox 971 1124 1044 1184; x_wconf 93' lang='lat' dir='ltr'>te,</span> <span class='ocrx_word' id='word_1_36' title='bbox 1076 1111 1316 1182; x_wconf 87' lang='lat' dir='ltr'>Christe,</span> <span class='ocrx_word' id='word_1_37' title='bbox 1347 1112 1526 1187; x_wconf 89' lang='lat' dir='ltr'>sequi,</span> <span class='ocrx_word' id='word_1_38' title='bbox 1556 1111 1746 1170; x_wconf 83' lang='lat' dir='ltr'>laurea</span> <span class='ocrx_word' id='word_1_39' title='bbox 1774 1110 2109 1187; x_wconf 89' lang='lat' dir='ltr'>Virginum:</span> 
     </span>
    </p>

    <p class='ocr_par' dir='ltr' id='par_1_7' title="bbox 851 1192 1996 1350">
     <span class='ocr_line' id='line_1_8' title="bbox 851 1192 1996 1268; baseline 0 -16"><span class='ocrx_word' id='word_1_40' title='bbox 851 1195 967 1252; x_wconf 85' lang='lat' dir='ltr'>Fac</span> <span class='ocrx_word' id='word_1_41' title='bbox 1010 1195 1246 1252; x_wconf 86' lang='lat' dir='ltr'>incensa</span> <span class='ocrx_word' id='word_1_42' title='bbox 1286 1192 1414 1263; x_wconf 80' lang='lat' dir='ltr'>tuiS,</span> <span class='ocrx_word' id='word_1_43' title='bbox 1462 1193 1717 1268; x_wconf 82' lang='lat' dir='ltr'>Spiritus,</span> <span class='ocrx_word' id='word_1_44' title='bbox 1762 1192 1996 1252; x_wconf 84' lang='lat' dir='ltr'>ardeant</span> 
     </span>
     <span class='ocr_line' id='line_1_9' title="bbox 1010 1274 1822 1350; baseline 0.001 -17"><span class='ocrx_word' id='word_1_45' title='bbox 1010 1275 1286 1334; x_wconf 84' lang='lat' dir='ltr'>Flammis</span> <span class='ocrx_word' id='word_1_46' title='bbox 1303 1279 1311 1284; x_wconf 81' lang='grc'><strong>’</strong></span> <span class='ocrx_word' id='word_1_47' title='bbox 1327 1274 1533 1350; x_wconf 86' lang='lat' dir='ltr'>frigida</span> <span class='ocrx_word' id='word_1_48' title='bbox 1573 1284 1822 1350; x_wconf 85' lang='lat' dir='ltr'>pectora.</span> 
     </span>
    </p>
   </div>
   <div class='ocr_carea' id='block_1_4' title="bbox 1139 1745 1830 1792">
    <p class='ocr_par' dir='ltr' id='par_1_8' title="bbox 1139 1745 1830 1792">
     <span class='ocr_line' id='line_1_10' title="bbox 1139 1745 1830 1792; baseline -0.003 -1"><span class='ocrx_word' id='word_1_49' title='bbox 1139 1748 1231 1791; x_wconf 78' lang='lat' dir='ltr'>AD</span> <span class='ocrx_word' id='word_1_50' title='bbox 1281 1745 1586 1792; x_wconf 78' lang='lat' dir='ltr'><strong>OFFICIUM</strong></span> <span class='ocrx_word' id='word_1_51' title='bbox 1639 1745 1830 1790; x_wconf 79' lang='lat' dir='ltr'>NOCT-</span> 
     </span>
    </p>
   </div>
   <div class='ocr_carea' id='block_1_5' title="bbox 1265 2021 1707 2096">
    <p class='ocr_par' dir='ltr' id='par_1_9' title="bbox 1265 2021 1707 2096">
     <span class='ocr_line' id='line_1_11' title="bbox 1265 2021 1707 2096; baseline 0.002 -17"><span class='ocrx_word' id='word_1_52' title='bbox 1265 2022 1390 2080; x_wconf 87' lang='lat' dir='ltr'>Pro</span> <span class='ocrx_word' id='word_1_53' title='bbox 1429 2021 1707 2096; x_wconf 62' lang='lat' dir='ltr'>Margvre.</span> 
     </span>
    </p>
   </div>
   <div class='ocr_carea' id='block_1_6' title="bbox 838 2250 2072 2555">
    <p class='ocr_par' dir='ltr' id='par_1_10' title="bbox 838 2250 2072 2331">
     <span class='ocr_line' id='line_1_12' title="bbox 838 2250 2072 2331; baseline 0.002 -25"><span class='ocrx_word' id='word_1_54' title='bbox 838 2250 1145 2325; x_wconf 89' lang='lat' dir='ltr'>Virginum</span> <span class='ocrx_word' id='word_1_55' title='bbox 1182 2252 1373 2322; x_wconf 89' lang='lat' dir='ltr'>robur,</span> <span class='ocrx_word' id='word_1_56' title='bbox 1415 2250 1594 2325; x_wconf 90' lang='lat' dir='ltr'>Deus,</span> <span class='ocrx_word' id='word_1_57' title='bbox 1637 2264 1810 2331; x_wconf 87' lang='lat' dir='ltr'>atque</span> <span class='ocrx_word' id='word_1_58' title='bbox 1852 2263 2072 2311; x_wconf 89' lang='lat' dir='ltr'>eustos:</span> 
     </span>
    </p>

    <p class='ocr_par' dir='ltr' id='par_1_11' title="bbox 847 2333 1966 2410">
     <span class='ocr_line' id='line_1_13' title="bbox 847 2333 1966 2410; baseline 0.002 -19"><span class='ocrx_word' id='word_1_59' title='bbox 847 2333 1030 2391; x_wconf 84' lang='lat' dir='ltr'>Sexus</span> <span class='ocrx_word' id='word_1_60' title='bbox 1072 2334 1331 2404; x_wconf 86' lang='lat' dir='ltr'>imbellis,</span> <span class='ocrx_word' id='word_1_61' title='bbox 1374 2333 1598 2392; x_wconf 90' lang='lat' dir='ltr'>medios</span> <span class='ocrx_word' id='word_1_62' title='bbox 1640 2353 1743 2410; x_wconf 91' lang='lat' dir='ltr'>per</span> <span class='ocrx_word' id='word_1_63' title='bbox 1785 2354 1966 2405; x_wconf 85' lang='lat' dir='ltr'>enseS‚</span> 
     </span>
    </p>

    <p class='ocr_par' dir='ltr' id='par_1_12' title="bbox 839 2414 2008 2555">
     <span class='ocr_line' id='line_1_14' title="bbox 839 2414 2008 2491; baseline 0.001 -20"><span class='ocrx_word' id='word_1_64' title='bbox 839 2414 998 2472; x_wconf 91' lang='lat' dir='ltr'>Dum</span> <span class='ocrx_word' id='word_1_65' title='bbox 1040 2415 1212 2485; x_wconf 86' lang='lat' dir='ltr'>faves,</span> <span class='ocrx_word' id='word_1_66' title='bbox 1257 2432 1400 2490; x_wconf 86' lang='lat' dir='ltr'>quas</span> <span class='ocrx_word' id='word_1_67' title='bbox 1441 2434 1563 2473; x_wconf 90' lang='lat' dir='ltr'>non</span> <span class='ocrx_word' id='word_1_68' title='bbox 1605 2426 1832 2491; x_wconf 83' lang='lat' dir='ltr'>superat</span> <span class='ocrx_word' id='word_1_69' title='bbox 1873 2417 2008 2473; x_wconf 86' lang='lat' dir='ltr'>virili</span> 
     </span>
     <span class='ocr_line' id='line_1_15' title="bbox 1005 2496 1536 2555; baseline 0.004 -2"><span class='ocrx_word' id='word_1_70' title='bbox 1005 2496 1245 2555; x_wconf 89' lang='lat' dir='ltr'>Pectore</span> <span class='ocrx_word' id='word_1_71' title='bbox 1284 2506 1498 2555; x_wconf 89' lang='lat' dir='ltr'>mortes</span> <span class='ocrx_word' id='word_1_72' title='bbox 1524 2499 1536 2554; x_wconf 88' lang='lat'><strong>!</strong></span> 
     </span>
    </p>
   </div>
   <div class='ocr_carea' id='block_1_7' title="bbox 843 2658 2052 2975">
    <p class='ocr_par' dir='ltr' id='par_1_13' title="bbox 843 2658 1789 2737">
     <span class='ocr_line' id='line_1_16' title="bbox 843 2658 1789 2737; baseline 0.004 -22"><span class='ocrx_word' id='word_1_73' title='bbox 843 2658 954 2717; x_wconf 93' lang='lat' dir='ltr'>Pro</span> <span class='ocrx_word' id='word_1_74' title='bbox 996 2660 1107 2718; x_wconf 88' lang='lat' dir='ltr'>tuis</span> <span class='ocrx_word' id='word_1_75' title='bbox 1150 2660 1260 2719; x_wconf 82' lang='lat' dir='ltr'>aris</span> <span class='ocrx_word' id='word_1_76' title='bbox 1301 2660 1564 2723; x_wconf 85' lang='lat' dir='ltr'>animosa</span> <span class='ocrx_word' id='word_1_77' title='bbox 1605 2659 1789 2737; x_wconf 86' lang='lat' dir='ltr'>Virgo</span> 
     </span>
    </p>

    <p class='ocr_par' dir='ltr' id='par_1_14' title="bbox 844 2740 1974 2818">
     <span class='ocr_line' id='line_1_17' title="bbox 844 2740 1974 2818; baseline 0.001 -21"><span class='ocrx_word' id='word_1_78' title='bbox 844 2740 1022 2799; x_wconf 90' lang='lat' dir='ltr'>Molle</span> <span class='ocrx_word' id='word_1_79' title='bbox 1065 2741 1162 2799; x_wconf 83' lang='lat' dir='ltr'>dat</span> <span class='ocrx_word' id='word_1_80' title='bbox 1203 2742 1406 2817; x_wconf 88' lang='lat' dir='ltr'>poenis</span> <span class='ocrx_word' id='word_1_81' title='bbox 1448 2741 1694 2801; x_wconf 84' lang='lat' dir='ltr'>lacerare</span> <span class='ocrx_word' id='word_1_82' title='bbox 1736 2760 1974 2818; x_wconf 90' lang='lat' dir='ltr'>corpus:</span> 
     </span>
    </p>

    <p class='ocr_par' dir='ltr' id='par_1_15' title="bbox 843 2822 2052 2975">
     <span class='ocr_line' id='line_1_18' title="bbox 843 2822 2052 2894; baseline 0 -15"><span class='ocrx_word' id='word_1_83' title='bbox 843 2822 981 2880; x_wconf 91' lang='lat' dir='ltr'>Non</span> <span class='ocrx_word' id='word_1_84' title='bbox 1024 2841 1159 2881; x_wconf 90' lang='lat' dir='ltr'>suos</span> <span class='ocrx_word' id='word_1_85' title='bbox 1203 2823 1388 2894; x_wconf 89' lang='lat' dir='ltr'>sentit,</span> <span class='ocrx_word' id='word_1_86' title='bbox 1432 2842 1656 2881; x_wconf 90' lang='lat' dir='ltr'>memor</span> <span class='ocrx_word' id='word_1_87' title='bbox 1698 2828 1769 2883; x_wconf 83' lang='lat' dir='ltr'>o!</span> <span class='ocrx_word' id='word_1_88' title='bbox 1813 2834 2052 2891; x_wconf 90' lang='lat' dir='ltr'>tuorum,</span> 
     </span>
     <span class='ocr_line' id='line_1_19' title="bbox 1004 2903 1568 2975; baseline 0.002 -13"><span class='ocrx_word' id='word_1_89' title='bbox 1004 2903 1242 2975; x_wconf 88' lang='lat' dir='ltr'>Christe,</span> <span class='ocrx_word' id='word_1_90' title='bbox 1287 2904 1568 2963; x_wconf 88' lang='lat' dir='ltr'>dolorum.</span> 
     </span>
    </p>
   </div>
   <div class='ocr_carea' id='block_1_8' title="bbox 836 3066 2030 3370">
    <p class='ocr_par' dir='ltr' id='par_1_16' title="bbox 838 3066 2030 3142">
     <span class='ocr_line' id='line_1_20' title="bbox 838 3066 2030 3142; baseline -0.002 -19"><span class='ocrx_word' id='word_1_91' title='bbox 838 3066 895 3123; x_wconf 95' lang='lat' dir='ltr'>N</span> <span class='ocrx_word' id='word_1_92' title='bbox 898 3086 977 3125; x_wconf 91' lang='lat' dir='ltr'>on</span> <span class='ocrx_word' id='word_1_93' title='bbox 1018 3084 1221 3141; x_wconf 85' lang='lat' dir='ltr'>graves</span> <span class='ocrx_word' id='word_1_94' title='bbox 1264 3068 1488 3142; x_wconf 84' lang='lat' dir='ltr'>plagae,</span> <span class='ocrx_word' id='word_1_95' title='bbox 1531 3068 1700 3127; x_wconf 85' lang='lat' dir='ltr'>validi</span> <span class='ocrx_word' id='word_1_96' title='bbox 1743 3086 1851 3126; x_wconf 90' lang='lat' dir='ltr'>nec</span> <span class='ocrx_word' id='word_1_97' title='bbox 1892 3068 2030 3131; x_wconf 82' lang='lat' dir='ltr'>ictus</span> 
     </span>
    </p>

    <p class='ocr_par' dir='ltr' id='par_1_17' title="bbox 836 3148 1986 3224">
     <span class='ocr_line' id='line_1_21' title="bbox 836 3148 1986 3224; baseline -0.001 -20"><span class='ocrx_word' id='word_1_98' title='bbox 836 3148 1127 3224; x_wconf 88' lang='lat' dir='ltr'>Integram</span> <span class='ocrx_word' id='word_1_99' title='bbox 1169 3158 1412 3224; x_wconf 90' lang='lat' dir='ltr'>possunt</span> <span class='ocrx_word' id='word_1_100' title='bbox 1453 3149 1664 3207; x_wconf 84' lang='lat' dir='ltr'>violare</span> <span class='ocrx_word' id='word_1_101' title='bbox 1705 3160 1986 3207; x_wconf 88' lang='lat' dir='ltr'>mentem:</span> 
     </span>
    </p>

    <p class='ocr_par' dir='ltr' id='par_1_18' title="bbox 836 3229 1994 3370">
     <span class='ocr_line' id='line_1_22' title="bbox 836 3229 1994 3307; baseline -0.002 -20"><span class='ocrx_word' id='word_1_102' title='bbox 836 3229 994 3299; x_wconf 88' lang='lat' dir='ltr'>Quin</span> <span class='ocrx_word' id='word_1_103' title='bbox 1012 3233 1018 3239; x_wconf 88' lang='grc'><strong>“</strong></span> <span class='ocrx_word' id='word_1_104' title='bbox 1036 3231 1179 3288; x_wconf 85' lang='lat' dir='ltr'>sacri</span> <span class='ocrx_word' id='word_1_105' title='bbox 1208 3230 1408 3289; x_wconf 90' lang='lat' dir='ltr'>crescit</span> <span class='ocrx_word' id='word_1_106' title='bbox 1449 3232 1639 3307; x_wconf 84' lang='lat' dir='ltr'>magis</span> <span class='ocrx_word' id='word_1_107' title='bbox 1681 3231 1994 3290; x_wconf 85' lang='lat' dir='ltr'>obstinatus</span> 
     </span>
     <span class='ocr_line' id='line_1_23' title="bbox 997 3311 1457 3370; baseline 0.002 -2"><span class='ocrx_word' id='word_1_108' title='bbox 997 3311 1185 3369; x_wconf 89' lang='lat' dir='ltr'>Ardor</span> <span class='ocrx_word' id='word_1_109' title='bbox 1227 3313 1457 3370; x_wconf 80' lang='lat' dir='ltr'>amoris.</span> 
     </span>
    </p>
   </div>
   <div class='ocr_carea' id='block_1_9' title="bbox 2421 2146 2429 2968">
    <p class='ocr_par' dir='ltr' id='par_1_19' title="bbox 2421 2146 2429 2968">
     <span class='ocr_line' id='line_1_24' title="bbox 2421 2146 2429 2968; baseline 0 0"><span class='ocrx_word' id='word_1_110' title='bbox 2421 2146 2429 2968; x_wconf 95' lang='lat' dir='ltr'> </span> 
     </span>
    </p>
   </div>
  </div>
 </body>
</html>
