2442 3950
684 426 761 487 In
802 427 1145 487 Libe-ratione
1186 427 1250 488 S.
1293 428 1470 488 Petri.
1628 494 1634 498 ,
1773 447 1876 502 ¹39

352 586 571 649 Dulces
614 600 863 657 catenae,
906 610 1055 668 quae
1096 610 1260 650 reum
1300 609 1420 650 non
1460 603 1718 667 arguunt,

356 671 476 729 Sed
521 671 731 811 Chffsti
755 684 1063 797 'amantem
1105 692 1254 750 quae
1294 674 1541 749 probant
1582 674 1744 749 Apo-

523 764 613 812 sto
634 772 765 811 um.

360 833 597 909 Regum
638 836 880 901 coronis,
924 838 1108 895 aureis
1150 836 1476 901 monilibus,

359 914 485 974 Vos
530 934 692 975 sacra
730 918 907 993 pluris
949 920 1320 977 aestimamus
1361 916 1599 975 vincula.

359 1076 511 1136 Patri
556 1097 826 1154 supremo
870 1081 941 1138 sit
982 1098 1252 1157 suprema
1292 1080 1504 1155 gloria3

360 1158 612 1236 Tibique
654 1161 851 1220 laudes
893 1171 1049 1221 totus
1090 1163 1246 1220 orbis
1288 1161 1568 1231 concinat,

358 1242 607 1300 Aeterne
650 1241 772 1308 Fili,
816 1243 1089 1319 splendor
1130 1244 1345 1302 aeterni
1385 1242 1600 1301 Patris:

360 1321 618 1398 Compar
660 1326 732 1402 sit
774 1325 936 1383 almo-
969 1325 1095 1385 laus
1136 1326 1428 1401 decusque
1468 1324 1729 1382 Flamini.

462 1625 553 1668 AD
597 1625 847 1669 LAUDES
893 1625 977 1669 ET
1020 1618 1700 1669 SECUNDAS'VESP'ERAS.

361 1800 611 1869 Petrum,
656 1812 911 1878 tyranne,
955 1803 1095 1878 quid
1137 1804 1354 1862 catenis
1397 1804 1606 1868 obruis,

358 1882 655 1960 Jubesque
699 1884 871 1942 condi
912 1885 1153 1943 carceris
1194 1885 1381 1960 nigro·
1404 1886 1624 1961 specu?

360 1964 518 2038 Quid
561 1977 688 2024 trux
732 1966 955 2025 satelles
998 1977 1128 2024 ante
1169 1966 1346 2026 limen
1388 1966 1668 2025 excubat?

360 2048 586 2113 Carcer,
632 2048 871 2114 satelles,
916 2048 1097 2106 vincla
1137 2067 1258 2108 non
1299 2048 1532 2107 Petrum
1574 2058 1782 2107 tenent.

361 2210 611 2286 Fulgens
656 2211 728 2268 ab
771 2211 885 2268 alto
926 2210 1078 2268 venit
1117 2211 1259 2269 Ales
1302 2212 1563 2281 aethere;

362 2291 605 2350 Recedit
646 2292 861 2357 horror,
905 2301 961 2349 et
1002 2292 1163 2367 fugat
1203 2303 1440 2351 noctem
1483 2293 1638 2351 dies:

362 2371 608 2449 Jubente
653 2372 897 2438 Christo,
942 2382 1108 2449 rupta
1149 2374 1334 2432 vincla
1375 2375 1718 2443 concidunt;

362 2452 696 2512 Panduntur
736 2455 883 2513 ultro
924 2455 1119 2514 clausa
1159 2454 1324 2521 ferr0,
1349 2456 1559 2513 limina.

366 2617 648 2676 Coelestis
691 2617 781 2674 ille
823 2617 1024 2675 ductor
1065 2618 1314 2684 ostendit
1354 2619 1504 2676 viam
1528 2637 1557 2674 :-

364 2698 414 2755 It
456 2697 699 2769 Petrus;
750 2709 920 2773 atque
965 2699 1256 2756 somnium
1298 2700 1456 2774 quod
1497 2700 1576 2765 fit,
1621 2710 1800 2774 putat.

366 2779 603 2849 Verum,
647 2789 874 2855 recepta
915 2789 1123 2846 mente,
1166 2781 1455 2839 victricem
1496 2780 1609 2839 Dei

366 2861 514 2919 Suae
559 2861 753 2919 salutis
795 2870 983 2920 certus
1026 2863 1288 2936 agnoscit
1331 2880 1584 2920 manum.

364 3021 489 3079 Lux
532 3033 744 3088 nostra,
789 3022 1029 3090 Christe,
1073 3034 1270 3083 nostra
1310 3015 1554 3090 libertas,
1599 3024 1756 3080 vides

367 3102 596 3174 Quibus
638 3105 853 3163 catenis
895 3105 1142 3164 vinciant
1183 3125 1292 3165 nos
1335 3107 1586 3170 crimina,

362 3183 437 3242 Et
478 3195 694 3261 quanta
734 3187 940 3245 nostris
982 3187 1211 3247 incubet
1253 3205 1371 3246 nox
1413 3187 1731 3246 mentibus:

365 3266 568 3325 Caecis
612 3267 769 3326 diem
810 3267 907 3334 fer,
950 3287 1153 3346 rumpe
1194 3269 1394 3330 vinctis
1436 3269 1672 3345 vincula.
