2442 3950
704 395 781 452 In
821 393 1132 454 Nativt'tate
1172 393 1237 454 S.
1252 392 1518 471 Joanm‘s.

829 640 921 684 AD
965 639 1402 686 MATUTINUM.

472 765 658 822 Antra
699 762 909 822 deserti
949 763 1159 820 teneris
1202 762 1311 820 sub
1353 764 1538 834 annis,

474 845 699 904 Civium
740 855 957 908 turmas
997 843 1244 920 fugiens,
1287 844 1494 923 petisti,

475 927 568 985 Ne
609 927 717 985 levi
759 943 965 1004 posses
1005 925 1294 984 maculare
1335 927 1510 984 vitam

632 1007 889 1066 Crimine
929 1007 1173 1084 linguae.

472 1171 738 1230 Praebuit
778 1170 987 1229 durum
1028 1180 1304 1247 tegumen
1345 1171 1598 1229 camelus

470 1253 724 1311 Artubus
766 1253 959 1324 sacris,
1002 1253 1324 1329 strophium
1365 1253 1667 1323 bidentes;

468 1334 576 1393 Cui
618 1335 768 1393 latex
809 1335 1095 1405 haustum,
1139 1335 1358 1394 sociata
1398 1343 1628 1412 pastum

629 1415 808 1474 Mella
847 1416 1099 1475 locustis.

472 1579 661 1636 Ceteri
702 1587 923 1636 tantum
964 1579 1223 1636 cecinere
1265 1577 1483 1636 Vatum

468 1660 659 1718 Corde
700 1677 983 1737 praesago
1020 1660 1189 1736 jubar
1229 1659 1571 1730 affuturum3

465 1741 561 1798 Tu
602 1741 837 1817 quidem
877 1741 1080 1799 mundi
1122 1741 1310 1801 scelus
1352 1741 1704 1800 auferentem

626 1822 837 1886 Indice,
868 1823 1085 1900 prodis.

466 1986 605 2044 Non
647 1986 750 2044 fuit
790 1987 933 2045 vasti
975 1987 1226 2062 spatium
1266 2004 1370 2063 per
1411 1988 1565 2046 orbis

467 2068 724 2127 Sanctior
766 2069 1073 2143 quisquam
1113 2068 1341 2143 genitus
1382 2068 1630 2144 Joanne,

462 2150 579 2221 Qui
621 2149 784 2207 nefas
826 2150 999 2209 saecli
1040 2150 1249 2209 meruit
1289 2150 1574 2209 lavantem

624 2230 879 2307 Tingere
920 2232 1185 2309 lymphis.

465 2394 548 2452 Sit
590 2394 767 2453 decus
807 2394 977 2466 Patri,
1020 2395 1368 2470 genitaeque
1412 2394 1581 2465 Proli,

459 2475 533 2532 Et
574 2476 675 2534 tibi
716 2494 956 2553 compar
996 2478 1290 2551 utriusque
1331 2477 1504 2535 virtus

462 2557 701 2634 Spiritus
744 2576 988 2636 semper,
1030 2557 1193 2616 Deus
1236 2576 1386 2617 unus
1428 2558 1590 2616 omni

622 2638 933 2717 Temporis
974 2657 1133 2699 aevo.

891 2887 985 2930 AD
1030 2886 1301 2931 LAUDES.

456 3014 511 3071 O
554 3012 725 3071 nimis
767 3011 920 3083 felix,
962 3011 1266 3086 meritique
1307 3011 1462 3080 celsi,

459 3094 516 3152 N
518 3095 741 3153 esciens
782 3094 973 3153 labem
1015 3092 1163 3150 nivei
1204 3092 1460 3170 pudoris,

456 3176 809 3251 Praepotens
850 3183 1080 3251 martyr,
1121 3192 1544 3250 nemorumque
1587 3172 1785 3247 cultor,

619 3256 878 3316 Maxime
918 3265 1129 3315 vatum.

1812 401 1920 472 283
