2442 3950
1150 427 1408 491 Omnium
1452 423 1797 487 Sanctorum.

822 589 1025 648 Pronis
1066 590 1234 649 turba
1274 608 1480 649 senum
1520 607 1732 647 cernua
1771 588 2068 663 frontibus»,

820 672 975 729 Inter
1015 680 1099 729 tot
1139 670 1287 729 rutili
1328 670 1551 747 fulgura
1591 671 1836 743 luminiS‚

824 753 1111 829 Regnanti
1150 752 1410 811 Domino
1451 753 1690 812 devovet
1731 772 1917 825 aurea,

982 833 1151 906 Quae
1192 834 1372 909 ponit,
1416 834 1758 893 diademata.

822 996 1040 1056 Gentes
1084 998 1432 1067 innumerae,
1477 999 1824 1073 conspicuae
1867 999 2039 1057 stolas

817 1080 973 1153 Agni
1013 1095 1305 1155 purpureo
1347 1080 1624 1154 sanguine
1665 1080 1956 1151 candidaS,

822 1160 1033 1219 Palmis
1076 1160 1223 1218 laeta
1265 1160 1490 1230 cohors,
1533 1162 1794 1220 cantibus
1836 1162 2071 1221 aemulis

980 1241 1098 1299 Ter
1141 1252 1403 1301 sanctum
1445 1241 1732 1301 celebrant
1772 1243 1980 1302 Deum.

821 1406 903 1463 Sit
946 1405 1068 1463 laus
1111 1422 1339 1463 summa
1380 1404 1548 1474 Patri,
1594 1422 1934 1482 summaque
1976 1406 2143 1465 Filio:

821 1487 904 1544 Sit
945 1505 1064 1562 par,
1109 1496 1320 1557 sancte,
1365 1486 1467 1544 tibi
1509 1486 1632 1545 laus
1674 1501 1922 1564 quoque,
1970 1488 2208 1565 SpirituS‚

818 1568 935 1639 Qui
979 1568 1081 1627 das
1122 1585 1232 1644 pro
1271 1568 1504 1638 meritis,
1549 1568 1801 1643 optimus
1843 1571 2060 1641 arbiter,

976 1646 1091 1707 Te‘
1111 1659 1295 1708 totum
1338 1649 1507 1709 simul
1549 1650 1834 1710 omnibus.

1257 1983 1347 2027 AD
1391 1983 1658 2028 LAUDES·

814 2203 1065 2279 Hymnis
1109 2202 1248 2261 dum
1290 2212 1519 2261 resonat
1558 2202 1715 2260 curia
1756 2202 2056 2274 Coclitum,

812 2285 928 2344 Hic
971 2286 1176 2344 flemus
1216 2285 1414 2360 patriis
1457 2283 1666 2342 finibus
1710 2286 1938 2344 exules:

974 2367 1090 2424 Hic
1133 2383 1415 2441 suspensa
1456 2375 1718 2425 tenemus

973 2447 1152 2506 Mutis
1194 2446 1454 2506 cantibus
1495 2465 1745 2522 organa:

811 2611 1065 2682 Quando
1104 2628 1270 2668 mens
1311 2610 1524 2669 misero
1565 2610 1741 2668 libera
1782 2628 2004 2668 carcere

813 2693 887 2749 Se
929 2695 1127 2750 vestris
1170 2692 1390 2750 sociam
1432 2692 1692 2750 coetibus
1735 2692 1975 2763 inseret;

970 2773 1059 2843 Et,
1105 2773 1347 2848 caligine
1387 2773 1569 2849 pulsa,

970 2854 1133 2913 Coeli
1174 2854 1363 2913 lucem
1405 2855 1827 2913 habitabimus?

808 3017 1103 3076 Obscurae
1146 3016 1365 3093 fugient
1403 3017 1611 3076 mentis
1653 2983 1948 3093 imagineS,

806 3099 959 3157 Cum
1002 3109 1216 3159 stantes
1258 3100 1495 3175 propius
1536 3098 1764 3158 luminis
1806 3100 1882 3158 ad
1919 3101 2094 3176 jubar,

966 3179 1094 3238 Nos
1135 3199 1334 3238 verum
1375 3182 1498 3240 sine
1539 3182 1694 3239 nube
2161 3177 2172 3186 '

968 3261 1108 3338 Ipso
1148 3262 1207 3320 in
1249 3262 1407 3321 fonte
1448 3262 1784 3321 videbimus.
