2442 3950
657 401 733 460 In
772 401 935 463 Festo
974 401 1088 464 SS.
1130 403 1515 469 Innocentium.

618 567 915 627 Exclamat
958 586 1157 628 amens
1199 573 1434 630 nuntio:
1521 621 1530 632 .

622 649 929 708 Successor
970 651 1156 717 instat,
1198 653 1492 728 pellimur:

621 731 855 788 Satelles
897 731 930 798 i,
975 732 1182 790 ferrum
1224 753 1399 810 rape:

618 812 899 870 Perfunde
942 832 1120 872 cunas
1164 817 1457 891 sanguine.

614 973 773 1045 Quid
814 975 1037 1050 proficit
1078 947 1299 1036 tantum
1340 980 1542 1038 nefas?
1583 957 1590 960 ”

507 1115 512 1120 ,
612 1055 769 1126 Quid
810 1057 1027 1115 crimen
1069 1058 1370 1119 Herodem
1393 1063 1590 1137 juvat?

612 1137 777 1196 Unus
819 1147 903 1196 tot
944 1139 1088 1198 inter
1110 1140 1334 1201 ‘funera

610 1218 853 1294 Impune
897 1219 1156 1289 Christus
1199 1224 1422 1282 tollitur.

612 1381 767 1457 Jesu,
807 1383 909 1442 tibi
952 1383 1022 1442 sit
1062 1385 1258 1460 gloria,

610 1463 727 1534 Qui
768 1473 933 1525 natus
975 1485 1038 1524 es
1081 1467 1153 1525 de
1196 1467 1450 1544 Virgine,

604 1544 753 1603 Cum
796 1545 963 1606 Patre
1003 1558 1061 1606 et
1102 1549 1257 1608 almo
1302 1551 1530 1627 Spiritu,

609 1626 677 1682 In
719 1629 1063 1705 sempiterna
1106 1632 1348 1691 saecula.

877 2000 968 2045 AD
1011 2000 1279 2049 LAUDES.

606 2186 824 2245 Salvete
867 2184 1035 2248 flores
1079 2186 1412 2267 Martyrum,

610 2269 773 2340 Quos
816 2267 955 2328 lucis
997 2272 1126 2347 ipso
1167 2273 1228 2331 in
1269 2274 1482 2333 lumine

606 2348 813 2409 Christi
855 2352 1141 2411 insecutor
1184 2356 1422 2427 sustulit,

602 2431 724 2489 Ceu
763 2433 931 2491 turbo
972 2446 1273 2495 nascentes
1314 2454 1491 2499 rosaS.

600 2592 724 2651 Vos
765 2598 950 2671 prima
992 2596 1203 2659 Christi
1245 2600 1488 2673 victima,

604 2675 758 2734 Grex
801 2678 1226 2740 immolatorum
1266 2692 1440 2754 tener,

598 2759 774 2816 Aram
817 2762 925 2819 sub
967 2763 1153 2838 ipsam
1196 2764 1484 2842 simplices

600 2838 797 2899 Palma
838 2853 894 2901 et
936 2846 1163 2937 coronis
1202 2846 1407 2905 luditis,

598 3002 751 3078 Jesu,
796 3005 895 3062 tibi
939 3006 1009 3063 sit
1050 3006 1248 3081 gloria,

601 3083 716 3155 Qui
756 3096 923 3145 natus
966 3106 1028 3145 es
1072 3088 1144 3145 de
1187 3088 1440 3165 Virgine,

599 3164 748 3223 Cum
791 3167 954 3226 Patre
997 3179 1052 3226 et
1094 3170 1250 3228 almo
1293 3171 1520 3247 Spiritu,
1613 3180 1630 3187 '

600 3246 669 3303 In
710 3250 1053 3326 sempiterna
1094 3253 1337 3311 saecula.

1783 426 1887 484 251
