2442 3950
549 464 657 514 102

903 438 982 501 In
1022 438 1185 499 Festo
1231 436 1494 515 Corporis·
1538 436 1771 497 Chrzlrti.

865 602 1095 675 Quibus
1137 602 1247 661 sub
1286 598 1426 661 bina
1467 601 1659 677 specie

787 714 799 723 α
869 684 1121 744 Carnem
1149 684 1308 742 dedit
1346 692 1405 742 et
1446 684 1819 759 sanguinem;

864 766 949 827 Ut
990 766 1233 841 duplicis
1275 765 1626 823 substantiae

866 846 1089 907 Totum
1129 847 1345 905 cibaret
1371 846 1715 905 hominem.-

866 978 943 1037 Se
985 995 1230 1037 nascens
1272 977 1429 1036 dedit
1470 977 1712 1048 socium,

867 1059 1237 1119 Convescens
1278 1059 1340 1117 in
1379 1058 1670 1117 edulium:

870 1140 948 1201 Se
988 1138 1241 1199 moriens
1283 1140 1344 1198 in
1382 1134 1646 1217 pretium,

872 1222 949 1281 Se
990 1238 1238 1297 regnans
1280 1221 1378 1280 dat
1418 1221 1479 1278 in
1518 1218 1855 1297 praemium.

872 1353 931 1413 O
974 1352 1232 1413 salutaris
1273 1351 1502 1423 Hostia,

872 1434 1043 1507 Quae
1085 1430 1233 1494 coeli
1272 1433 1480 1511 pandis
1521 1429 1769 1493 ostium:

874 1516 1037 1575 Bella
1074 1525 1344 1592 premunt
1384 1515 1646 1587 hostilia;

873 1597 969 1656 Da
1008 1598 1199 1669 robur,
1242 1597 1327 1656 fer
1367 1596 1658 1656 auxilium.

876 1728 997 1801 Qui
1038 1747 1209 1787 carne
1249 1746 1360 1788 nos
1399 1728 1591 1803 pascis
1631 1737 1746 1799 tua,

878 1809 965 1869 Sit
1005 1810 1131 1869 laus
1170 1811 1292 1881 tibi,
1335 1809 1540 1869 Pastor
1578 1810 1750 1880 bone,

876 1890 1031 1953 Cum
1072 1888 1240 1951 Patre
1281 1908 1531 1967 cumque
1575 1890 1806 1967 Spiritu,

877 1972 949 2032 In
990 1974 1339 2051 sempiterna
1379 1972 1588 2033 secula.

941 2214 1034 2256 AD
1076 2212 1402 2257 SECUNDAS
1445 2211 1768 2256 VESPERAS.

878 2330 1092 2407 Pange,
1134 2331 1347 2406 lingua,
1389 2330 1624 2406 gloriosi
1681 2344 1688 2354 ·

881 2410 1157 2489 Corporis
1198 2413 1550 2506 mysterium,

881 2493 1304 2569 Sanguinisque
1344 2494 1578 2570 pretiosi

882 2574 1078 2647 Quem
1119 2575 1178 2633 in
1218 2575 1422 2633 mundi
1461 2574 1725 2669 pretium,

882 2655 1123 2716 Fructus
1162 2657 1374 2725 ven'tris
1413 2658 1697 2732 generosi,

871 2737 1013 2796 Rex
1054 2738 1254 2796 effudit
1294 2738 1571 2814 gentium.

881 2868 1069 2928 Nobis
1109 2869 1294 2940 datuS,
1338 2868 1507 2930 nobis
1548 2879 1716 2929 natus

881 2950 973 3008 Ex
1014 2951 1226 3010 intacta
1265 2951 1522 3028 Virgine,

883 3031 959 3089 Et
998 3032 1060 3089 in
1099 3033 1322 3091 mundo
1363 3043 1747 3104 conversatus,

886 3112 1100 3190 Sparso
1140 3114 1298 3174 verbi
1339 3115 1579 3186 semine,

887 3194 989 3254 Sui
1029 3212 1221 3254 moras
1263 3195 1542 3255 incolatus

885 3275 1039 3336 Miro
1080 3276 1282 3337 clausit
1321 3278 1540 3340 ordine.
