2442 3950
1002 436 1078 495 In
1118 435 1233 495 Die
1270 436 1613 512 Pentecostes.

752 602 907 662 Olim
948 620 1050 677 per
1090 601 1324 659 umbras
1365 599 1585 658 vatibus

752 684 990 743 Retecta
1030 683 1229 759 paucis
1269 682 1490 752 veritaS‚

752 766 923 824 Nunc
965 766 1104 823 orbe
1146 773 1270 822 toto
1312 763 1524 821 dissitis

749 847 856 906 Per
896 857 953 906 te
993 855 1248 923 patescat
1289 844 1572 919 gentibus.

747 1010 954 1067 Divina
992 1009 1113 1085 jam
1152 1026 1263 1066 nos
1304 1008 1498 1065 unctio

635 1102 641 1107 ’
749 1091 1025 1149 Informet
1065 1107 1301 1147 omnes:
1359 1088 1634 1147 hactenus

746 1172 925 1231 Mutis
967 1180 1183 1230 aratam
1223 1171 1417 1229 litteris

745 1253 1002 1333 Inscribe
1045 1254 1236 1329 legem
1278 1253 1563 1310 cordibuS.

748 1416 830 1474 Sit
871 1417 995 1474 laus
1038 1416 1219 1485 Patri;
1278 1416 1400 1473 lans
1442 1414 1620 1472 Filio:

747 1497 1068 1574 Utrumque
1111 1498 1210 1573 qui
1252 1497 1448 1567 nectis,
1491 1496 1669 1566 Deus,

744 1578 983 1655 Utrique
1026 1597 1279 1655 compar,
1323 1580 1393 1637 sit
1434 1578 1536 1636 tibi

692 1674 699 1683 ·
745 1660 940 1720 Decus
980 1679 1251 1737 perenne,
1296 1659 1551 1737 Spiritus

961 2002 1053 2045 AD
1094 2000 1402 2045 OFFICIUM
1448 2001 1638 2044 NOCT.

664 2204 818 2276 Inter
860 2203 1147 2280 sulphurei
1188 2201 1412 2278 fulgura
1453 2202 1707 2273 turbinis,

662 2286 1164 2359 Flammarumque
1205 2284 1413 2360 globos
1455 2294 1512 2341 et
1554 2285 1803 2342 sonitum
1846 2286 2036 2357 tubae,

663 2369 976 2443 Antiquam
1017 2367 1205 2436 veteri,
1250 2376 1446 2423 monte
1491 2364 1627 2423 Sina
1670 2384 1857 2441 super,

821 2449 1041 2524 Legem
1084 2447 1187 2506 das
1229 2447 1465 2523 populo,
1508 2446 1686 2506 Deus.

662 2610 773 2669 His
814 2611 991 2668 infida
1031 2611 1244 2686 probas
1285 2611 1459 2668 corda
1500 2611 1839 2686 pavoribus3

656 2693 731 2750 Et
771 2711 1011 2769 peccare
1053 2703 1226 2763 vetaS,
1269 2701 1365 2750 aut
1405 2693 1649 2768 pretium
1690 2693 1871 2750 mori:

658 2774 877 2833 Verum
918 2774 1191 2832 terribiles
1233 2774 1372 2849 quid
1414 2774 1633 2849 parient
1673 2775 1905 2833 minae?

821 2855 959 2927 Quo
1000 2865 1187 2913 tantus
1229 2855 1441 2913 recidet
1482 2857 1733 2914 tremor?

656 3019 748 3076 En
789 3017 1059 3076 fumantis
1101 3016 1290 3076 adhuc
1331 3018 1543 3076 montis
1585 3018 1682 3092 ad,
1702 3019 1900 3076 infima

651 3100 821 3158 Plebs
863 3100 1037 3157 oblita
1080 3099 1273 3162 datam
1314 3100 1586 3157 continuo
1627 3100 1820 3171 fidem,

656 3181 891 3239 Brutam
931 3181 1150 3257 perfida
1190 3182 1356 3257 plebs
1398 3181 1647 3256 effigiem
1689 3182 1838 3252 colit,

816 3262 953 3320 Veri
995 3262 1265 3322 Numinis
1307 3264 1367 3321 in
1407 3263 1615 3321 locum.
