<?xml version="1.0" encoding="UTF-8"?>
<!DOCTYPE html PUBLIC "-//W3C//DTD XHTML 1.0 Transitional//EN"
    "http://www.w3.org/TR/xhtml1/DTD/xhtml1-transitional.dtd">
<html xmlns="http://www.w3.org/1999/xhtml" xml:lang="en" lang="en">
 <head>
  <title>
</title>
<meta http-equiv="Content-Type" content="text/html;charset=utf-8" />
  <meta name='ocr-system' content='tesseract 3.04.00' />
  <meta name='ocr-capabilities' content='ocr_page ocr_carea ocr_par ocr_line ocrx_word'/>
</head>
<body>
  <div class='ocr_page' id='page_1' title='image "./hymniecclesiae03churgoog_0400.png"; bbox 0 0 2442 3950; ppageno 0'>
   <div class='ocr_carea' id='block_1_1' title="bbox 612 423 829 484">
    <p class='ocr_par' dir='ltr' id='par_1_1' title="bbox 612 423 829 484">
     <span class='ocr_line' id='line_1_1' title="bbox 612 423 829 484; baseline -0.005 0"><span class='ocrx_word' id='word_1_1' title='bbox 612 423 725 484; x_wconf 83' lang='lat'><strong>372</strong></span> <span class='ocrx_word' id='word_1_2' title='bbox 824 433 829 436; x_wconf 83' lang='lat'>&#39;</span> 
     </span>
    </p>
   </div>
   <div class='ocr_carea' id='block_1_2' title="bbox 1030 403 1806 468">
    <p class='ocr_par' dir='ltr' id='par_1_2' title="bbox 1030 403 1806 468">
     <span class='ocr_line' id='line_1_2' title="bbox 1030 403 1806 468; baseline 0.003 -2"><span class='ocrx_word' id='word_1_3' title='bbox 1030 408 1105 466; x_wconf 84' lang='lat' dir='ltr'><strong>In</strong></span> <span class='ocrx_word' id='word_1_4' title='bbox 1144 406 1308 466; x_wconf 80' lang='lat' dir='ltr'><strong>Festo</strong></span> <span class='ocrx_word' id='word_1_5' title='bbox 1350 403 1414 466; x_wconf 87' lang='lat' dir='ltr'><strong>S.</strong></span> <span class='ocrx_word' id='word_1_6' title='bbox 1443 405 1806 468; x_wconf 65' lang='lat' dir='ltr'><strong>Sacramenui</strong></span> 
     </span>
    </p>
   </div>
   <div class='ocr_carea' id='block_1_3' title="bbox 848 573 1816 1218">
    <p class='ocr_par' dir='ltr' id='par_1_3' title="bbox 851 573 1755 638">
     <span class='ocr_line' id='line_1_3' title="bbox 851 573 1755 638; baseline 0 -7"><span class='ocrx_word' id='word_1_7' title='bbox 851 574 1059 632; x_wconf 91' lang='lat' dir='ltr'><strong>Fracto</strong></span> <span class='ocrx_word' id='word_1_8' title='bbox 1100 573 1337 630; x_wconf 89' lang='lat' dir='ltr'><strong>demum</strong></span> <span class='ocrx_word' id='word_1_9' title='bbox 1378 581 1755 638; x_wconf 88' lang='lat' dir='ltr'><strong>sacramento,</strong></span> 
     </span>
    </p>

    <p class='ocr_par' dir='ltr' id='par_1_4' title="bbox 851 653 1713 724">
     <span class='ocr_line' id='line_1_4' title="bbox 851 653 1713 724; baseline 0 -12"><span class='ocrx_word' id='word_1_10' title='bbox 851 655 944 713; x_wconf 89' lang='lat' dir='ltr'><strong>Ne</strong></span> <span class='ocrx_word' id='word_1_11' title='bbox 985 653 1229 724; x_wconf 84' lang='lat' dir='ltr'>vacilles,</span> <span class='ocrx_word' id='word_1_12' title='bbox 1273 654 1378 712; x_wconf 91' lang='lat' dir='ltr'><strong>sed</strong></span> <span class='ocrx_word' id='word_1_13' title='bbox 1418 664 1713 712; x_wconf 87' lang='lat' dir='ltr'><strong>memento</strong></span> 
     </span>
    </p>

    <p class='ocr_par' dir='ltr' id='par_1_5' title="bbox 852 734 1800 892">
     <span class='ocr_line' id='line_1_5' title="bbox 852 734 1800 810; baseline 0 -16"><span class='ocrx_word' id='word_1_14' title='bbox 852 737 1108 794; x_wconf 89' lang='lat' dir='ltr'><strong>Tantum</strong></span> <span class='ocrx_word' id='word_1_15' title='bbox 1150 753 1279 794; x_wconf 89' lang='lat' dir='ltr'><strong>esse</strong></span> <span class='ocrx_word' id='word_1_16' title='bbox 1323 735 1431 792; x_wconf 90' lang='lat' dir='ltr'><strong>sub</strong></span> <span class='ocrx_word' id='word_1_17' title='bbox 1473 734 1800 810; x_wconf 86' lang='lat' dir='ltr'><strong>fragmento</strong></span> 
     </span>
     <span class='ocr_line' id='line_1_6' title="bbox 930 817 1660 892; baseline 0 -17"><span class='ocrx_word' id='word_1_18' title='bbox 930 817 1231 889; x_wconf 86' lang='lat' dir='ltr'><strong>Quantum</strong></span> <span class='ocrx_word' id='word_1_19' title='bbox 1273 825 1396 874; x_wconf 92' lang='lat' dir='ltr'>toto</span> <span class='ocrx_word' id='word_1_20' title='bbox 1437 817 1660 892; x_wconf 85' lang='lat' dir='ltr'><strong>tegitur.</strong></span> 
     </span>
    </p>

    <p class='ocr_par' dir='ltr' id='par_1_6' title="bbox 848 892 1567 968">
     <span class='ocr_line' id='line_1_7' title="bbox 848 892 1567 968; baseline -0.001 -12"><span class='ocrx_word' id='word_1_21' title='bbox 848 899 1021 957; x_wconf 83' lang='lat' dir='ltr'><strong>Nulla</strong></span> <span class='ocrx_word' id='word_1_22' title='bbox 1061 899 1142 956; x_wconf 91' lang='lat' dir='ltr'><strong>rei</strong></span> <span class='ocrx_word' id='word_1_23' title='bbox 1162 892 1167 897; x_wconf 75' lang='grc'><strong>’</strong></span> <span class='ocrx_word' id='word_1_24' title='bbox 1184 897 1249 955; x_wconf 87' lang='lat' dir='ltr'><strong>fit</strong></span> <span class='ocrx_word' id='word_1_25' title='bbox 1289 899 1535 964; x_wconf 81' lang='lat' dir='ltr'><strong>scissura</strong></span> <span class='ocrx_word' id='word_1_26' title='bbox 1550 917 1567 968; x_wconf 88' lang='lat'>;</span> 
     </span>
    </p>

    <p class='ocr_par' dir='ltr' id='par_1_7' title="bbox 851 978 1680 1057">
     <span class='ocr_line' id='line_1_8' title="bbox 851 978 1680 1057; baseline -0.001 -18"><span class='ocrx_word' id='word_1_27' title='bbox 851 981 1012 1057; x_wconf 85' lang='lat' dir='ltr'>Signi</span> <span class='ocrx_word' id='word_1_28' title='bbox 1052 989 1276 1038; x_wconf 87' lang='lat' dir='ltr'><strong>tantum</strong></span> <span class='ocrx_word' id='word_1_29' title='bbox 1317 979 1380 1037; x_wconf 90' lang='lat' dir='ltr'><strong>fit</strong></span> <span class='ocrx_word' id='word_1_30' title='bbox 1420 978 1680 1051; x_wconf 88' lang='lat' dir='ltr'><strong>fractura,</strong></span> 
     </span>
    </p>

    <p class='ocr_par' dir='ltr' id='par_1_8' title="bbox 850 1061 1816 1218">
     <span class='ocr_line' id='line_1_9' title="bbox 850 1061 1816 1133; baseline 0 -13"><span class='ocrx_word' id='word_1_31' title='bbox 850 1061 1019 1133; x_wconf 86' lang='lat' dir='ltr'><strong>Quae</strong></span> <span class='ocrx_word' id='word_1_32' title='bbox 1060 1080 1167 1119; x_wconf 89' lang='lat' dir='ltr'><strong>nec</strong></span> <span class='ocrx_word' id='word_1_33' title='bbox 1212 1070 1407 1131; x_wconf 89' lang='lat' dir='ltr'><strong>status,</strong></span> <span class='ocrx_word' id='word_1_34' title='bbox 1451 1079 1559 1120; x_wconf 88' lang='lat' dir='ltr'><strong>nec</strong></span> <span class='ocrx_word' id='word_1_35' title='bbox 1602 1072 1816 1120; x_wconf 85' lang='lat' dir='ltr'><strong>statura</strong></span> 
     </span>
     <span class='ocr_line' id='line_1_10' title="bbox 932 1143 1480 1218; baseline -0.004 -17"><span class='ocrx_word' id='word_1_36' title='bbox 932 1143 1151 1218; x_wconf 83' lang='lat' dir='ltr'><strong>Signati</strong></span> <span class='ocrx_word' id='word_1_37' title='bbox 1191 1143 1480 1200; x_wconf 88' lang='lat' dir='ltr'><strong>minuitur.</strong></span> 
     </span>
    </p>
   </div>
   <div class='ocr_carea' id='block_1_4' title="bbox 850 1305 1725 1951">
    <p class='ocr_par' dir='ltr' id='par_1_9' title="bbox 850 1305 1608 1544">
     <span class='ocr_line' id='line_1_11' title="bbox 850 1305 1608 1382; baseline 0 -20"><span class='ocrx_word' id='word_1_38' title='bbox 850 1306 1004 1364; x_wconf 91' lang='lat' dir='ltr'><strong>Ecce</strong></span> <span class='ocrx_word' id='word_1_39' title='bbox 1045 1305 1212 1382; x_wconf 85' lang='lat' dir='ltr'><strong>panis</strong></span> <span class='ocrx_word' id='word_1_40' title='bbox 1253 1305 1608 1379; x_wconf 84' lang='lat' dir='ltr'><strong>angelorum,</strong></span> 
     </span>
     <span class='ocr_line' id='line_1_12' title="bbox 850 1386 1603 1457; baseline 0 -13"><span class='ocrx_word' id='word_1_41' title='bbox 850 1387 1061 1446; x_wconf 92' lang='lat' dir='ltr'><strong>Factus</strong></span> <span class='ocrx_word' id='word_1_42' title='bbox 1102 1387 1266 1445; x_wconf 89' lang='lat' dir='ltr'><strong>cibus</strong></span> <span class='ocrx_word' id='word_1_43' title='bbox 1305 1386 1603 1457; x_wconf 84' lang='lat' dir='ltr'><strong>viatorum,</strong></span> 
     </span>
     <span class='ocr_line' id='line_1_13' title="bbox 850 1467 1516 1544; baseline 0.002 -20"><span class='ocrx_word' id='word_1_44' title='bbox 850 1469 1002 1527; x_wconf 88' lang='lat' dir='ltr'><strong>Vere</strong></span> <span class='ocrx_word' id='word_1_45' title='bbox 1044 1468 1209 1544; x_wconf 89' lang='lat' dir='ltr'><strong>panis</strong></span> <span class='ocrx_word' id='word_1_46' title='bbox 1253 1467 1516 1539; x_wconf 87' lang='lat' dir='ltr'><strong>filiorum,</strong></span> 
     </span>
    </p>

    <p class='ocr_par' dir='ltr' id='par_1_10' title="bbox 850 1549 1725 1872">
     <span class='ocr_line' id='line_1_14' title="bbox 934 1549 1725 1608; baseline -0.003 0"><span class='ocrx_word' id='word_1_47' title='bbox 934 1550 1073 1608; x_wconf 90' lang='lat' dir='ltr'><strong>Non</strong></span> <span class='ocrx_word' id='word_1_48' title='bbox 1112 1549 1426 1608; x_wconf 88' lang='lat' dir='ltr'><strong>mittendus</strong></span> <span class='ocrx_word' id='word_1_49' title='bbox 1468 1550 1725 1608; x_wconf 88' lang='lat' dir='ltr'><strong>canibus.</strong></span> 
     </span>
     <span class='ocr_line' id='line_1_15' title="bbox 854 1631 1618 1708; baseline -0.001 -19"><span class='ocrx_word' id='word_1_50' title='bbox 854 1632 923 1689; x_wconf 92' lang='lat' dir='ltr'><strong>In</strong></span> <span class='ocrx_word' id='word_1_51' title='bbox 967 1631 1163 1708; x_wconf 80' lang='lat' dir='ltr'><strong>figuris</strong></span> <span class='ocrx_word' id='word_1_52' title='bbox 1205 1631 1618 1706; x_wconf 84' lang='lat' dir='ltr'><strong>praesignatur,</strong></span> 
     </span>
     <span class='ocr_line' id='line_1_16' title="bbox 852 1713 1617 1773; baseline -0.003 -1"><span class='ocrx_word' id='word_1_53' title='bbox 852 1713 1005 1772; x_wconf 91' lang='lat' dir='ltr'><strong>Cum</strong></span> <span class='ocrx_word' id='word_1_54' title='bbox 1049 1714 1215 1773; x_wconf 87' lang='lat' dir='ltr'><strong>Isaac</strong></span> <span class='ocrx_word' id='word_1_55' title='bbox 1257 1713 1617 1771; x_wconf 88' lang='lat' dir='ltr'><strong>immolatur:</strong></span> 
     </span>
     <span class='ocr_line' id='line_1_17' title="bbox 850 1793 1717 1872; baseline 0 -20"><span class='ocrx_word' id='word_1_56' title='bbox 850 1795 1057 1872; x_wconf 86' lang='lat' dir='ltr'><strong>Agnus</strong></span> <span class='ocrx_word' id='word_1_57' title='bbox 1099 1793 1356 1853; x_wconf 88' lang='lat' dir='ltr'><strong>Paschae</strong></span> <span class='ocrx_word' id='word_1_58' title='bbox 1397 1795 1717 1870; x_wconf 69' lang='lat' dir='ltr'><strong>deputam,</strong></span> 
     </span>
    </p>

    <p class='ocr_par' dir='ltr' id='par_1_11' title="bbox 931 1876 1682 1951">
     <span class='ocr_line' id='line_1_18' title="bbox 931 1876 1682 1951; baseline 0 -18"><span class='ocrx_word' id='word_1_59' title='bbox 931 1877 1115 1935; x_wconf 86' lang='lat' dir='ltr'><strong>Datur</strong></span> <span class='ocrx_word' id='word_1_60' title='bbox 1157 1895 1370 1934; x_wconf 84' lang='lat' dir='ltr'><strong>manna</strong></span> <span class='ocrx_word' id='word_1_61' title='bbox 1411 1876 1682 1951; x_wconf 85' lang='lat' dir='ltr'><strong>patribus.</strong></span> 
     </span>
    </p>
   </div>
   <div class='ocr_carea' id='block_1_5' title="bbox 850 2041 1822 2833">
    <p class='ocr_par' dir='ltr' id='par_1_12' title="bbox 850 2041 1704 2343">
     <span class='ocr_line' id='line_1_19' title="bbox 853 2041 1671 2116; baseline -0.002 -17"><span class='ocrx_word' id='word_1_62' title='bbox 853 2042 1017 2099; x_wconf 90' lang='lat' dir='ltr'><strong>Bone</strong></span> <span class='ocrx_word' id='word_1_63' title='bbox 1059 2050 1272 2116; x_wconf 89' lang='lat' dir='ltr'><strong>pastor,</strong></span> <span class='ocrx_word' id='word_1_64' title='bbox 1315 2041 1482 2115; x_wconf 87' lang='lat' dir='ltr'><strong>panis</strong></span> <span class='ocrx_word' id='word_1_65' title='bbox 1523 2058 1671 2110; x_wconf 89' lang='lat' dir='ltr'><strong>vere,</strong></span> 
     </span>
     <span class='ocr_line' id='line_1_20' title="bbox 850 2122 1575 2200; baseline -0.006 -18"><span class='ocrx_word' id='word_1_66' title='bbox 850 2123 1006 2200; x_wconf 87' lang='lat' dir='ltr'><strong>Jesu,</strong></span> <span class='ocrx_word' id='word_1_67' title='bbox 1050 2122 1230 2180; x_wconf 85' lang='lat' dir='ltr'><strong>nostri</strong></span> <span class='ocrx_word' id='word_1_68' title='bbox 1271 2122 1575 2195; x_wconf 82' lang='lat' dir='ltr'><strong>miserere;</strong></span> 
     </span>
     <span class='ocr_line' id='line_1_21' title="bbox 852 2204 1704 2279; baseline -0.002 -17"><span class='ocrx_word' id='word_1_69' title='bbox 852 2204 951 2262; x_wconf 89' lang='lat' dir='ltr'><strong>Tu</strong></span> <span class='ocrx_word' id='word_1_70' title='bbox 991 2222 1100 2262; x_wconf 92' lang='lat' dir='ltr'><strong>nos</strong></span> <span class='ocrx_word' id='word_1_71' title='bbox 1142 2222 1333 2279; x_wconf 89' lang='lat' dir='ltr'><strong>pasce,</strong></span> <span class='ocrx_word' id='word_1_72' title='bbox 1378 2220 1486 2261; x_wconf 89' lang='lat' dir='ltr'><strong>nos</strong></span> <span class='ocrx_word' id='word_1_73' title='bbox 1528 2212 1704 2272; x_wconf 89' lang='lat' dir='ltr'><strong>tuere,</strong></span> 
     </span>
     <span class='ocr_line' id='line_1_22' title="bbox 853 2284 1664 2343; baseline -0.001 -1"><span class='ocrx_word' id='word_1_74' title='bbox 853 2285 951 2343; x_wconf 92' lang='lat' dir='ltr'><strong>Tu</strong></span> <span class='ocrx_word' id='word_1_75' title='bbox 992 2304 1101 2343; x_wconf 89' lang='lat' dir='ltr'><strong>nos</strong></span> <span class='ocrx_word' id='word_1_76' title='bbox 1142 2286 1300 2343; x_wconf 85' lang='lat' dir='ltr'><strong>bona</strong></span> <span class='ocrx_word' id='word_1_77' title='bbox 1341 2284 1430 2342; x_wconf 90' lang='lat' dir='ltr'><strong>fac</strong></span> <span class='ocrx_word' id='word_1_78' title='bbox 1472 2284 1664 2342; x_wconf 88' lang='lat' dir='ltr'><strong>videre</strong></span> 
     </span>
    </p>

    <p class='ocr_par' dir='ltr' id='par_1_13' title="bbox 853 2366 1822 2752">
     <span class='ocr_line' id='line_1_23' title="bbox 932 2366 1556 2425; baseline 0 -1"><span class='ocrx_word' id='word_1_79' title='bbox 932 2367 1004 2424; x_wconf 89' lang='lat' dir='ltr'><strong>In</strong></span> <span class='ocrx_word' id='word_1_80' title='bbox 1044 2378 1192 2425; x_wconf 89' lang='lat' dir='ltr'><strong>terra</strong></span> <span class='ocrx_word' id='word_1_81' title='bbox 1233 2366 1556 2424; x_wconf 88' lang='lat' dir='ltr'><strong>viventium.</strong></span> 
     </span>
     <span class='ocr_line' id='line_1_24' title="bbox 853 2447 1822 2525; baseline 0 -19"><span class='ocrx_word' id='word_1_82' title='bbox 853 2448 967 2520; x_wconf 90' lang='lat' dir='ltr'><strong>Tu,</strong></span> <span class='ocrx_word' id='word_1_83' title='bbox 1012 2449 1109 2525; x_wconf 92' lang='lat' dir='ltr'><strong>qui</strong></span> <span class='ocrx_word' id='word_1_84' title='bbox 1151 2458 1357 2506; x_wconf 90' lang='lat' dir='ltr'><strong>cuncta</strong></span> <span class='ocrx_word' id='word_1_85' title='bbox 1399 2448 1511 2506; x_wconf 90' lang='lat' dir='ltr'><strong>scis</strong></span> <span class='ocrx_word' id='word_1_86' title='bbox 1553 2458 1610 2506; x_wconf 89' lang='lat' dir='ltr'><strong>et</strong></span> <span class='ocrx_word' id='word_1_87' title='bbox 1650 2447 1822 2512; x_wconf 80' lang='lat' dir='ltr'><strong>vales,</strong></span> 
     </span>
     <span class='ocr_line' id='line_1_25' title="bbox 854 2528 1820 2605; baseline 0 -17"><span class='ocrx_word' id='word_1_88' title='bbox 854 2529 972 2600; x_wconf 82' lang='lat' dir='ltr'><strong>Qui</strong></span> <span class='ocrx_word' id='word_1_89' title='bbox 1014 2548 1122 2588; x_wconf 87' lang='lat' dir='ltr'><strong>nos</strong></span> <span class='ocrx_word' id='word_1_90' title='bbox 1164 2530 1356 2605; x_wconf 88' lang='lat' dir='ltr'><strong>pascis</strong></span> <span class='ocrx_word' id='word_1_91' title='bbox 1398 2528 1492 2587; x_wconf 87' lang='lat' dir='ltr'><strong>hic</strong></span> <span class='ocrx_word' id='word_1_92' title='bbox 1531 2530 1820 2599; x_wconf 81' lang='lat' dir='ltr'><strong>mortaleS‚</strong></span> 
     </span>
     <span class='ocr_line' id='line_1_26' title="bbox 853 2610 1617 2681; baseline 0.001 -13"><span class='ocrx_word' id='word_1_93' title='bbox 853 2610 1020 2671; x_wconf 92' lang='lat' dir='ltr'><strong>Tuos</strong></span> <span class='ocrx_word' id='word_1_94' title='bbox 1061 2612 1139 2669; x_wconf 93' lang='lat' dir='ltr'><strong>ibi</strong></span> <span class='ocrx_word' id='word_1_95' title='bbox 1179 2610 1617 2681; x_wconf 84' lang='lat' dir='ltr'><strong>commensaleS,</strong></span> 
     </span>
     <span class='ocr_line' id='line_1_27' title="bbox 857 2692 1592 2752; baseline 0.001 -2"><span class='ocrx_word' id='word_1_96' title='bbox 857 2692 1223 2752; x_wconf 89' lang='lat' dir='ltr'><strong>Cohaeredes</strong></span> <span class='ocrx_word' id='word_1_97' title='bbox 1267 2702 1322 2751; x_wconf 90' lang='lat' dir='ltr'><strong>et</strong></span> <span class='ocrx_word' id='word_1_98' title='bbox 1365 2692 1592 2751; x_wconf 85' lang='lat' dir='ltr'><strong>sodales</strong></span> 
     </span>
    </p>

    <p class='ocr_par' dir='ltr' id='par_1_14' title="bbox 934 2774 1690 2833">
     <span class='ocr_line' id='line_1_28' title="bbox 934 2774 1690 2833; baseline -0.001 -1"><span class='ocrx_word' id='word_1_99' title='bbox 934 2775 1050 2833; x_wconf 88' lang='lat' dir='ltr'><strong>Fac</strong></span> <span class='ocrx_word' id='word_1_100' title='bbox 1094 2784 1423 2833; x_wconf 87' lang='lat' dir='ltr'><strong>sanctorum</strong></span> <span class='ocrx_word' id='word_1_101' title='bbox 1465 2774 1690 2833; x_wconf 87' lang='lat' dir='ltr'><strong>civium.</strong></span> 
     </span>
    </p>
   </div>
  </div>
 </body>
</html>
