2442 3950
604 432 709 485 ¹44
1034 412 1111 471 In
1150 412 1358 470 Decoll.
1399 412 1454 470 S.
1481 410 1744 489 Joarmts.

753 575 920 635 Haec
960 587 1095 635 vota
1134 576 1370 635 tandem
1411 576 1512 653 qui
1551 577 1826 648 cumulas,
1871 578 2054 648 Pater,

755 657 1034 717 Succurre
1074 658 1303 729 nostris,
1345 658 1578 735 auspice
1621 658 1796 729 Filio;

750 738 997 797 Infunde
1038 758 1284 809 sacrum,
1327 757 1445 815 quo
1485 739 1762 815 vigemuS‚

754 819 1105 893 Pectoribus,
1148 820 1312 879 Deus
1353 821 1520 892 alme,
1563 820 1819 891 Flamen,

1222 1127 1394 1190 Auo.
1446 1146 1544 1209 29.

917 1246 931 1259 “
990 1272 1078 1331 IN
1122 1273 1772 1334 DECOLLATIONE

899 1396 955 1454 s,
999 1390 1348 1473 JOANNIS
1391 1394 1866 1454 BAPTISTAE.

1012 1622 1101 1666 AD
1145 1622 1376 1667 PRIMAS
1423 1622 1744 1666 VESPERAS.

737 1774 884 1845 Quis
926 1768 1033 1846 ille,
1078 1776 1248 1852 sylvis
1290 1794 1323 1833 e
1363 1775 1746 1852 penetralibus

734 1856 1033 1931 Egressus,
1077 1858 1151 1916 ad
1194 1876 1257 1915 se
1299 1867 1382 1915 tot
1424 1858 1671 1933 populos
1712 1859 1918 1916 trahit?

735 1939 829 1996 Ab
872 1956 970 1998 ore
1011 1940 1329 2016 pendentes
1370 1940 1654 2016 loquentis

733 2020 867 2091 Qua
910 2022 1099 2080 subito
1141 2031 1296 2080 tenet
1337 2031 1454 2080 arte
1497 2022 1731 2080 turbas?

731 2185 826 2240 An
868 2183 959 2240 ille
999 2183 1149 2243 fastu
1188 2184 1424 2258 regifico
1465 2193 1708 2250 tumens,

732 2264 899 2322 Molli
940 2266 1158 2324 solutus
1200 2264 1402 2323 diffluit
1443 2265 1602 2323 otio?

730 2345 971 2404 Levisne
1013 2348 1237 2406 arundo
1275 2347 1571 2404 ventilatur

730 2428 979 2486 Arbitrio
1020 2429 1312 2505 popularis
1353 2429 1564 2487 aurae?

726 2591 901 2664 Atqui
944 2599 1027 2647 ter
1070 2589 1256 2650 annos
1291 2591 1414 2665 jam
1455 2591 1646 2650 decies
1687 2591 1854 2648 trahit

724 2671 918 2728 Vitam
962 2673 1021 2729 in
1062 2672 1362 2747 profundis
1405 2672 1640 2731 saltibus
1681 2690 1962 2748 asperam,

726 2751 962 2811 Virtutis
1004 2753 1165 2811 Eliae
1207 2753 1427 2812 futurus

724 2835 913 2909 Atque
956 2835 1131 2892 animi
1169 2852 1485 2911 generosus
1527 2834 1742 2892 haeres

720 2996 878 3072 Ergo
922 3015 1178 3056 severam
1222 2997 1494 3056 Numinis
1536 2997 1805 3055 omnibus

723 3077 989 3136 Ostentat
1031 3079 1191 3149 iram,
1235 3096 1356 3136 non
1397 3079 1630 3136 timidus
1673 3080 1856 3136 mori:

719 3159 987 3218 Assertor
1029 3178 1161 3218 acer
1200 3161 1464 3226 veritatis,

720 3240 790 3296 In
831 3259 1097 3318 proceres
1139 3251 1298 3300 tonat
1340 3243 1513 3316 inque
1555 3241 1802 3317 plebem.
