2442 3950
633 423 642 438 ι
727 393 802 451 In
843 393 1136 453 Domz'm‘ca
1175 394 1481 454 Passionis.
1823 410 1853 470 7
1869 415 1893 452 ῐ.

479 571 762 631 Obstetrix
805 575 1028 648 penitus
1057 575 1256 633 lancea
1295 575 1559 650 perforat,

478 652 612 724 Quo
652 673 759 713 nos
798 657 1081 730 parturiat,
1124 667 1323 732 pectus
1365 656 1641 714 amabile:

478 735 610 793 Hoc
651 754 798 810 quae
837 737 993 794 fonte
1035 739 1172 808 fluit,
1214 755 1322 795 nos
1364 757 1528 814 aqua,
1556 757 1663 800 nos
1702 757 1882 809 eruor,

638 815 826 888 Sanat,
869 819 1082 890 liberat,
1124 819 1321 877 abluit.

478 981 533 1041 O
576 984 719 1040 vitae
760 980 970 1052 laticeS,
1013 981 1198 1039 vivida
1239 982 1509 1040 flumina!

478 1063 533 1122 O
575 1081 766 1122 sacros
807 1063 992 1121 aditus
1033 1063 1279 1138 pectoris
1320 1063 1539 1121 intimi!

477 1145 536 1204 O
573 1156 763 1221 petrae
806 1144 1021 1202 solidae
1059 1154 1180 1202 tuta
1219 1145 1527 1203 foramina!

638 1226 693 1285 O
734 1225 922 1284 cordis
962 1225 1299 1302 penetralia!

479 1389 568 1448 Te
597 1391 643 1448 si
684 1398 892 1458 nostra,
936 1387 1116 1459 Pater,
1159 1389 1397 1447 crimina
1435 1400 1761 1464 provocant,

479 1470 615 1529 Nati
656 1489 815 1528 sacra
854 1470 1056 1527 lubens
1097 1470 1328 1528 vulnera
1367 1471 1601 1546 respice,

480 1551 632 1610 Cum
672 1561 863 1609 noster
904 1551 1118 1608 laceras
1157 1552 1390 1627 objiciet
1430 1552 1538 1610 tuis

640 1632 826 1709 Judex
867 1632 1196 1690 fulminibus
1236 1651 1458 1691 manus,

479 1797 593 1854 Fac
634 1814 735 1871 per
776 1813 959 1865 saeva,
1003 1793 1183 1865 Pater,
1227 1795 1471 1866 vulnera,
1513 1813 1615 1870 per
1654 1813 1865 1858 cruces,

481 1878 574 1936 Sic
616 1887 842 1934 aeterna
881 1886 1010 1933 tuos
1053 1894 1323 1950 quaerere
1363 1877 1586 1952 gaudia„

480 1958 560 2017 Ut
600 1977 732 2017 cum
774 1957 938 2015 Prole
977 1957 1077 2015 tibi
1113 1958 1338 2035 jugiter,
1383 1978 1448 2018 ac
1476 1968 1575 2016 tuo

643 2040 910 2098 Reddant
952 2038 1182 2115 Spiritui
1226 2040 1417 2099 decus,

928 2282 1259 2293 —-—-——

557 2462 646 2527 IN
689 2460 1106 2530 DOMINICA
1146 2460 1576 2519 PASSIONIS.

761 2608 966 2680 Quinta
1011 2608 1483 2685 Quadragesimae.

753 2836 844 2877 AD
888 2834 1119 2878 PRIMAS
1165 2834 1483 2879 VESPERAS.

567 2987 766 3045 Fando
807 2987 934 3062 quis
972 2988 1200 3053 audivit,
1244 2988 1355 3045 Dei

568 3068 714 3140 Quis
755 3068 970 3144 grande
1012 3069 1162 3127 dicat
1201 3068 1535 3127 brachium?

569 3150 832 3208 Perculsa
871 3168 1035 3209 mens
1076 3150 1473 3220 confunditur3

577 3230 775 3307 Stupet
817 3231 975 3297 fides,
1018 3250 1129 3290 vox
1171 3232 1373 3290 deficit.
