2442 3950
532 423 645 478 286

1039 414 1118 475 In
1160 415 1324 476 Festo
1363 415 1427 475 S.
1450 415 1629 475 Petri.

850 582 906 641 O
948 599 1097 652 vera,
1143 580 1386 651 Christe,
1431 581 1692 651 charitaS,

850 665 948 722 Tu
988 672 1183 723 nostra
1224 681 1412 740 purga
1454 663 1706 733 crimina,

853 745 950 803 Tu
991 745 1167 804 corda
1208 745 1367 822 reple
1411 745 1609 821 gratia,

848 826 946 886 Tu
985 827 1163 886 redde
1205 827 1351 886 coeli
1391 827 1663 904 praemia.

846 990 1013 1060 Patri,
1059 991 1344 1066 simulque
1385 989 1546 1055 Filio,

842 1070 1095 1147 Tibique
1136 1080 1334 1130 sancte
1380 1071 1637 1146 Spiritus,

846 1153 1004 1211 Sicut
1046 1153 1169 1225 fuit,
1213 1153 1286 1211 sit
1322 1154 1533 1229 jugiter

844 1234 1112 1293 Saeclum
1152 1252 1259 1310 per
1299 1251 1475 1292 omne
1516 1233 1714 1310 gloria.

1033 1413 1123 1455 AD
1166 1410 1604 1456 MATUTINUM.

840 1539 1029 1597 Maria
1069 1539 1246 1598 castis
1287 1539 1501 1598 osculis

840 1621 1072 1679 Lambit
1113 1620 1228 1679 Dei
1270 1621 1543 1696 vestigia:

838 1701 1006 1761 Fletu
1045 1703 1207 1778 rigat,
1251 1703 1420 1777 tergit
1463 1703 1667 1772 comiS,

840 1783 1087 1843 Detersa
1128 1784 1311 1843 nardo
1351 1785 1594 1860 perlinit.
1643 1784 1648 1790 “

841 1946 975 2006 Deo
1018 1947 1172 2006 Patri
1215 1947 1287 2007 sit
1327 1947 1528 2023 gloria,

836 2030 1099 2106 Ejusque
1144 2029 1254 2089 soli
1296 2029 1463 2099 Filio,

837 2110 992 2169 Cum
1038 2111 1252 2187 Spiritu
1293 2109 1575 2169 Paraclito

836 2191 1029 2264 Nunc,
1072 2203 1130 2250 et
1171 2211 1277 2269 per
1317 2209 1495 2250 omne
1538 2191 1850 2250 saeculum.

1109 2519 1200 2577 IN
1243 2516 1510 2577 FEsTo

829 2640 884 2698 S.
931 2639 1181 2699 PETRI
1227 2640 1341 2698 AD
1383 2636 1774 2713 VJNCULA.

1070 2834 1163 2877 AD
1207 2832 1535 2878 VESPERAS.

662 2953 827 3013 Miris
869 2954 1061 3013 modis
1102 2963 1341 3032 repente
1382 2955 1540 3020 liber,
1585 2954 1769 3012 ferrea

658 3035 887 3094 Christo
924 3036 1161 3111 jubente
1205 3036 1391 3095 vincla
1433 3036 1635 3095 Petrus
1679 3035 1868 3093 exuit:

658 3116 837 3176 Ovilis
881 3116 973 3175 ille
1016 3127 1230 3194 pastor,
1276 3127 1332 3176 et
1371 3128 1558 3176 rector
1600 3118 1809 3193 gregiS‚

656 3198 824 3255 Vitae
865 3198 1102 3257 recludit
1144 3217 1377 3276 pascua,
1420 3208 1477 3258 et
1518 3199 1710 3258 fontes
1753 3216 1961 3262 sacros,

654 3278 923 3355 Ovesque
969 3290 1150 3339 servat
1192 3281 1453 3353 creditas,
1497 3292 1653 3340 arcet
1695 3282 1879 3355 lupos.
