2442 3950
607 441 638 478 2
653 441 671 478 1
684 441 723 494 4
1228 417 1595 495 Doxologiae.

916 598 989 642 IN
1035 596 1227 641 FESTO
1269 595 1572 640 CORPORIS
1617 595 1902 668 CHRISTI.

848 703 967 776 Qui
1010 721 1184 761 carne
1226 720 1336 760 nos
1376 702 1566 778 pascis
1609 713 1724 773 tua,

852 785 939 843 Sit
981 785 1105 844 laus
1147 783 1268 855 tibi,
1314 783 1524 842 Pastor
1569 784 1742 855 bone,

856 865 1012 925 Cum
1057 866 1242 936 Patre,
1289 883 1540 942 cumque
1587 865 1817 942 Spiritu,

850 948 921 1005 In
965 947 1315 1023 sempiterna
1356 947 1566 1006 secula.

860 1178 935 1221 IN
980 1174 1649 1222 TRANSFIGURATIONE
1694 1175 1958 1220 DOMINI.

850 1281 984 1354 Qui,
1028 1282 1182 1339 nube
1224 1289 1407 1356 rupta„
1451 1288 1507 1337 te
1550 1278 1743 1355 palam

851 1363 1071 1422 Natum
1111 1363 1353 1432 vocavit,
1396 1362 1520 1419 laus
1563 1361 1747 1430 Patri;

853 1445 1105 1520 Tibique
1149 1443 1341 1514 Ναῖος
1385 1461 1494 1501 nec
1536 1443 1726 1500 minor

852 1525 1007 1585 Laus
1049 1527 1346 1601 utriusque
1389 1524 1649 1582 Flamini.

834 1758 907 1801 IN
950 1755 1374 1801 SUSCEPTIONE
1415 1755 1708 1800 SANCTAE
1753 1754 1999 1799 CRUCIS·

856 1863 973 1934 Qui
1016 1880 1119 1938 per
1160 1879 1391 1920 crucem
1433 1880 1543 1920 nos
1583 1861 1805 1926 liberas,

856 1944 978 2010 Fili,
1022 1945 1126 2002 tibi
1166 1943 1291 2003 laus
1333 1944 1587 2003 maxima

857 2026 1009 2085 Cum
1056 2026 1255 2085 Patre:
1300 2044 1410 2085 nec
1450 2026 1552 2084 tibi
1591 2026 1784 2084 minor

854 2108 1026 2174 Laus,
1072 2108 1366 2182 utriusque
1411 2106 1668 2183 Spiritus.

1176 2329 1247 2373 IN
1293 2326 1645 2399 APOSTOLIS.

856 2433 973 2491 Uni
1017 2435 1089 2492 sit
1132 2442 1189 2492 et
1231 2432 1381 2490 trino
1421 2432 1553 2491 Deo

860 2514 1141 2591 Suprema
1181 2514 1324 2583 laus,
1369 2532 1662 2572 summum
1706 2515 1899 2583 decus,

857 2596 949 2655 De
992 2592 1161 2655 noct'e
1204 2595 1306 2672 qui
1349 2613 1459 2654 nos
1502 2598 1578 2655 ad
1620 2614 1758 2655 suae

860 2677 1089 2736 Lumen
1129 2680 1352 2737 vocavit
1392 2678 1626 2753 gloriae.

1113 2914 1187 2957 IN
1234 2914 1718 2959 EVANGELISTIS.

860 3019 1017 3077 Fons
1061 3021 1390 3086 sanctitatis,
1433 3038 1470 3078 ο
1513 3019 1692 3085 Deus,

862 3101 1113 3159 Aeterna
1157 3101 1501 3160 Sanctorum
1543 3102 1723 3177 quies,

860 3182 950 3239 Te
993 3183 1183 3241 laudet
1226 3184 1416 3241 omnis
1460 3184 1704 3259 spiritus,

858 3264 916 3324 N
920 3282 1030 3322 unc
1074 3274 1130 3323 et
1172 3284 1276 3341 per
1317 3282 1492 3323 omne
1533 3265 1808 3324 seculum.
