<?xml version="1.0" encoding="UTF-8"?>
<!DOCTYPE html PUBLIC "-//W3C//DTD XHTML 1.0 Transitional//EN"
    "http://www.w3.org/TR/xhtml1/DTD/xhtml1-transitional.dtd">
<html xmlns="http://www.w3.org/1999/xhtml" xml:lang="en" lang="en">
 <head>
  <title>
</title>
<meta http-equiv="Content-Type" content="text/html;charset=utf-8" />
  <meta name='ocr-system' content='tesseract 3.04.00' />
  <meta name='ocr-capabilities' content='ocr_page ocr_carea ocr_par ocr_line ocrx_word'/>
</head>
<body>
  <div class='ocr_page' id='page_1' title='image "./hymniecclesiae03churgoog_0145.png"; bbox 0 0 2442 3950; ppageno 0'>
   <div class='ocr_carea' id='block_1_1' title="bbox 735 414 1332 491">
    <p class='ocr_par' dir='ltr' id='par_1_1' title="bbox 735 414 1332 491">
     <span class='ocr_line' id='line_1_1' title="bbox 735 414 1332 491; baseline -0.003 -16"><span class='ocrx_word' id='word_1_1' title='bbox 735 416 932 476; x_wconf 77' lang='lat' dir='ltr'>Nativ.</span> <span class='ocrx_word' id='word_1_2' title='bbox 978 415 1040 473; x_wconf 88' lang='lat' dir='ltr'>S.</span> <span class='ocrx_word' id='word_1_3' title='bbox 1070 414 1332 491; x_wconf 78' lang='lat' dir='ltr'>joannis.</span> 
     </span>
    </p>
   </div>
   <div class='ocr_carea' id='block_1_2' title="bbox 387 578 1715 650">
    <p class='ocr_par' dir='ltr' id='par_1_2' title="bbox 387 578 1715 650">
     <span class='ocr_line' id='line_1_2' title="bbox 387 578 1715 650; baseline 0 -13"><span class='ocrx_word' id='word_1_4' title='bbox 387 580 511 650; x_wconf 85' lang='lat' dir='ltr'>Qui</span> <span class='ocrx_word' id='word_1_5' title='bbox 555 590 708 638; x_wconf 92' lang='lat' dir='ltr'>creat</span> <span class='ocrx_word' id='word_1_6' title='bbox 748 581 1047 645; x_wconf 87' lang='lat' dir='ltr'>mundum,</span> <span class='ocrx_word' id='word_1_7' title='bbox 1074 580 1163 637; x_wconf 81' lang='lat' dir='ltr'>sit</span> <span class='ocrx_word' id='word_1_8' title='bbox 1205 578 1394 638; x_wconf 87' lang='lat' dir='ltr'>honos</span> <span class='ocrx_word' id='word_1_9' title='bbox 1437 580 1663 637; x_wconf 87' lang='lat' dir='ltr'>Parenti</span> <span class='ocrx_word' id='word_1_10' title='bbox 1684 582 1715 637; x_wconf 90' lang='lat'>:&#39;</span> 
     </span>
    </p>
   </div>
   <div class='ocr_carea' id='block_1_3' title="bbox 386 660 1680 901">
    <p class='ocr_par' dir='ltr' id='par_1_3' title="bbox 386 660 1680 901">
     <span class='ocr_line' id='line_1_3' title="bbox 386 660 1576 738; baseline -0.001 -20"><span class='ocrx_word' id='word_1_11' title='bbox 386 662 546 719; x_wconf 92' lang='lat' dir='ltr'>Laus</span> <span class='ocrx_word' id='word_1_12' title='bbox 589 663 689 719; x_wconf 91' lang='lat' dir='ltr'>tibi</span> <span class='ocrx_word' id='word_1_13' title='bbox 730 680 983 738; x_wconf 91' lang='lat' dir='ltr'>compar,</span> <span class='ocrx_word' id='word_1_14' title='bbox 1027 660 1348 736; x_wconf 89' lang='lat' dir='ltr'>Reparator</span> <span class='ocrx_word' id='word_1_15' title='bbox 1389 662 1576 719; x_wconf 91' lang='lat' dir='ltr'>orbis:</span> 
     </span>
     <span class='ocr_line' id='line_1_4' title="bbox 386 742 1680 819; baseline 0.002 -20"><span class='ocrx_word' id='word_1_16' title='bbox 386 744 631 819; x_wconf 84' lang='lat' dir='ltr'>Aequus</span> <span class='ocrx_word' id='word_1_17' title='bbox 673 745 977 801; x_wconf 87' lang='lat' dir='ltr'>amborum</span> <span class='ocrx_word' id='word_1_18' title='bbox 1020 743 1091 801; x_wconf 91' lang='lat' dir='ltr'>sit</span> <span class='ocrx_word' id='word_1_19' title='bbox 1132 742 1318 801; x_wconf 88' lang='lat' dir='ltr'>honos</span> <span class='ocrx_word' id='word_1_20' title='bbox 1361 761 1463 819; x_wconf 90' lang='lat' dir='ltr'>per</span> <span class='ocrx_word' id='word_1_21' title='bbox 1505 762 1680 802; x_wconf 89' lang='lat' dir='ltr'>omne</span> 
     </span>
     <span class='ocr_line' id='line_1_5' title="bbox 540 824 1083 901; baseline -0.002 -19"><span class='ocrx_word' id='word_1_22' title='bbox 540 825 819 901; x_wconf 79' lang='lat' dir='ltr'>Tempus</span> <span class='ocrx_word' id='word_1_23' title='bbox 862 824 1083 883; x_wconf 88' lang='lat' dir='ltr'>Amori.</span> 
     </span>
    </p>
   </div>
   <div class='ocr_carea' id='block_1_4' title="bbox 764 1191 1234 1269">
    <p class='ocr_par' dir='ltr' id='par_1_4' title="bbox 764 1191 1234 1269">
     <span class='ocr_line' id='line_1_6' title="bbox 764 1191 1234 1269; baseline 0.009 -37"><span class='ocrx_word' id='word_1_24' title='bbox 764 1246 785 1269; x_wconf 79' lang='lat'>··</span> <span class='ocrx_word' id='word_1_25' title='bbox 832 1191 923 1233; x_wconf 90' lang='lat' dir='ltr'>AD</span> <span class='ocrx_word' id='word_1_26' title='bbox 966 1191 1234 1236; x_wconf 82' lang='lat' dir='ltr'><strong>LAUDES.</strong></span> 
     </span>
    </p>
   </div>
   <div class='ocr_carea' id='block_1_5' title="bbox 384 1394 1572 1717">
    <p class='ocr_par' dir='ltr' id='par_1_5' title="bbox 384 1394 1572 1634">
     <span class='ocr_line' id='line_1_7' title="bbox 385 1394 1572 1455; baseline 0.002 -4"><span class='ocrx_word' id='word_1_27' title='bbox 385 1394 442 1451; x_wconf 94' lang='lat' dir='ltr'>N</span> <span class='ocrx_word' id='word_1_28' title='bbox 444 1412 558 1451; x_wconf 92' lang='lat' dir='ltr'>unc</span> <span class='ocrx_word' id='word_1_29' title='bbox 603 1395 721 1452; x_wconf 90' lang='lat' dir='ltr'>suis</span> <span class='ocrx_word' id='word_1_30' title='bbox 761 1395 995 1453; x_wconf 87' lang='lat' dir='ltr'>tandem</span> <span class='ocrx_word' id='word_1_31' title='bbox 1038 1414 1221 1455; x_wconf 88' lang='lat' dir='ltr'>novus</span> <span class='ocrx_word' id='word_1_32' title='bbox 1265 1415 1298 1453; x_wconf 92' lang='lat' dir='ltr'>e</span> <span class='ocrx_word' id='word_1_33' title='bbox 1339 1396 1572 1454; x_wconf 87' lang='lat' dir='ltr'>latebris</span> 
     </span>
     <span class='ocr_line' id='line_1_8' title="bbox 385 1476 1519 1554; baseline 0.002 -23"><span class='ocrx_word' id='word_1_34' title='bbox 385 1476 582 1533; x_wconf 87' lang='lat' dir='ltr'>Prodit</span> <span class='ocrx_word' id='word_1_35' title='bbox 624 1476 794 1546; x_wconf 84' lang='lat' dir='ltr'>Elias,</span> <span class='ocrx_word' id='word_1_36' title='bbox 838 1477 1181 1554; x_wconf 85' lang='lat' dir='ltr'>populisque</span> <span class='ocrx_word' id='word_1_37' title='bbox 1226 1478 1519 1537; x_wconf 88' lang='lat' dir='ltr'>Christum</span> 
     </span>
     <span class='ocr_line' id='line_1_9' title="bbox 384 1556 1507 1634; baseline 0.001 -21"><span class='ocrx_word' id='word_1_38' title='bbox 384 1556 629 1627; x_wconf 87' lang='lat' dir='ltr'>Clamat,</span> <span class='ocrx_word' id='word_1_39' title='bbox 674 1559 1027 1634; x_wconf 86' lang='lat' dir='ltr'>exprobrans</span> <span class='ocrx_word' id='word_1_40' title='bbox 1073 1579 1178 1619; x_wconf 90' lang='lat' dir='ltr'>sua</span> <span class='ocrx_word' id='word_1_41' title='bbox 1218 1560 1507 1634; x_wconf 87' lang='lat' dir='ltr'><strong>viperinae</strong></span> 
     </span>
    </p>

    <p class='ocr_par' dir='ltr' id='par_1_6' title="bbox 510 1638 1009 1717">
     <span class='ocr_line' id='line_1_10' title="bbox 510 1638 1009 1717; baseline 0.004 -21"><span class='ocrx_word' id='word_1_42' title='bbox 510 1710 519 1717; x_wconf 25' lang='grc' dir='ltr'>ι</span> <span class='ocrx_word' id='word_1_43' title='bbox 546 1638 801 1698; x_wconf 88' lang='lat' dir='ltr'>Crimina</span> <span class='ocrx_word' id='word_1_44' title='bbox 840 1641 1009 1716; x_wconf 90' lang='lat' dir='ltr'>proli.</span> 
     </span>
    </p>
   </div>
   <div class='ocr_carea' id='block_1_6' title="bbox 382 1788 1621 2125">
    <p class='ocr_par' dir='ltr' id='par_1_7' title="bbox 382 1788 1621 1880">
     <span class='ocr_line' id='line_1_11' title="bbox 382 1788 1621 1880; baseline 0.005 -23"><span class='ocrx_word' id='word_1_45' title='bbox 382 1802 477 1857; x_wconf 84' lang='lat' dir='ltr'>En</span> <span class='ocrx_word' id='word_1_46' title='bbox 518 1801 680 1860; x_wconf 90' lang='lat' dir='ltr'>Deus</span> <span class='ocrx_word' id='word_1_47' title='bbox 717 1803 910 1878; x_wconf 87' lang='lat' dir='ltr'>judex,</span> <span class='ocrx_word' id='word_1_48' title='bbox 952 1803 1116 1861; x_wconf 90' lang='lat' dir='ltr'>Deus</span> <span class='ocrx_word' id='word_1_49' title='bbox 1157 1821 1233 1860; x_wconf 89' lang='lat' dir='ltr'>en</span> <span class='ocrx_word' id='word_1_50' title='bbox 1273 1788 1621 1880; x_wconf 49' lang='lat' dir='ltr'>propinquat</span> 
     </span>
    </p>

    <p class='ocr_par' dir='ltr' id='par_1_8' title="bbox 383 1884 1541 1960">
     <span class='ocr_line' id='line_1_12' title="bbox 383 1884 1541 1960; baseline 0.006 -22"><span class='ocrx_word' id='word_1_51' title='bbox 383 1884 681 1942; x_wconf 89' lang='lat' dir='ltr'>Ventilans</span> <span class='ocrx_word' id='word_1_52' title='bbox 724 1885 949 1960; x_wconf 89' lang='lat' dir='ltr'>fruges:</span> <span class='ocrx_word' id='word_1_53' title='bbox 1002 1886 1224 1960; x_wconf 89' lang='lat' dir='ltr'>superis</span> <span class='ocrx_word' id='word_1_54' title='bbox 1267 1887 1541 1946; x_wconf 82' lang='lat' dir='ltr'>recondet</span> 
     </span>
    </p>

    <p class='ocr_par' dir='ltr' id='par_1_9' title="bbox 383 1965 1430 2125">
     <span class='ocr_line' id='line_1_13' title="bbox 383 1965 1430 2044; baseline 0.004 -22"><span class='ocrx_word' id='word_1_55' title='bbox 383 1965 663 2024; x_wconf 85' lang='lat' dir='ltr'>Triticum</span> <span class='ocrx_word' id='word_1_56' title='bbox 705 1967 875 2033; x_wconf 88' lang='lat' dir='ltr'>cellis,</span> <span class='ocrx_word' id='word_1_57' title='bbox 919 1968 1232 2044; x_wconf 85' lang='lat' dir='ltr'><strong>paleasque</strong></span> <span class='ocrx_word' id='word_1_58' title='bbox 1275 1968 1430 2026; x_wconf 91' lang='lat' dir='ltr'>diros</span> 
     </span>
     <span class='ocr_line' id='line_1_14' title="bbox 551 2047 1091 2125; baseline 0.004 -21"><span class='ocrx_word' id='word_1_59' title='bbox 551 2047 767 2108; x_wconf 81' lang='lat' dir='ltr'>Tradet</span> <span class='ocrx_word' id='word_1_60' title='bbox 808 2051 867 2106; x_wconf 91' lang='lat' dir='ltr'>in</span> <span class='ocrx_word' id='word_1_61' title='bbox 908 2051 1091 2125; x_wconf 87' lang='lat' dir='ltr'>ignes.</span> 
     </span>
    </p>
   </div>
   <div class='ocr_carea' id='block_1_7' title="bbox 379 2209 1577 2516">
    <p class='ocr_par' dir='ltr' id='par_1_10' title="bbox 382 2209 1446 2287">
     <span class='ocr_line' id='line_1_15' title="bbox 382 2209 1446 2287; baseline 0.005 -23"><span class='ocrx_word' id='word_1_62' title='bbox 382 2209 578 2285; x_wconf 90' lang='lat' dir='ltr'>Hujus</span> <span class='ocrx_word' id='word_1_63' title='bbox 620 2213 881 2283; x_wconf 89' lang='lat' dir='ltr'>adventu,</span> <span class='ocrx_word' id='word_1_64' title='bbox 923 2212 1172 2287; x_wconf 88' lang='lat' dir='ltr'>rigidum</span> <span class='ocrx_word' id='word_1_65' title='bbox 1216 2213 1446 2287; x_wconf 86' lang='lat' dir='ltr'>superbi</span> 
     </span>
    </p>

    <p class='ocr_par' dir='ltr' id='par_1_11' title="bbox 381 2289 1577 2370">
     <span class='ocr_line' id='line_1_16' title="bbox 381 2289 1577 2370; baseline 0.005 -24"><span class='ocrx_word' id='word_1_66' title='bbox 381 2289 724 2365; x_wconf 89' lang='lat' dir='ltr'>Deprimant</span> <span class='ocrx_word' id='word_1_67' title='bbox 763 2306 991 2353; x_wconf 89' lang='lat' dir='ltr'>montes</span> <span class='ocrx_word' id='word_1_68' title='bbox 1036 2304 1240 2370; x_wconf 82' lang='lat' dir='ltr'>caput3</span> <span class='ocrx_word' id='word_1_69' title='bbox 1289 2295 1577 2370; x_wconf 86' lang='lat' dir='ltr'>erigantur</span> 
     </span>
    </p>

    <p class='ocr_par' dir='ltr' id='par_1_12' title="bbox 379 2372 1503 2516">
     <span class='ocr_line' id='line_1_17' title="bbox 379 2372 1503 2451; baseline 0.006 -24"><span class='ocrx_word' id='word_1_70' title='bbox 379 2372 631 2432; x_wconf 89' lang='lat' dir='ltr'>Vallium</span> <span class='ocrx_word' id='word_1_71' title='bbox 672 2377 888 2450; x_wconf 89' lang='lat' dir='ltr'>passim</span> <span class='ocrx_word' id='word_1_72' title='bbox 931 2393 1101 2434; x_wconf 90' lang='lat' dir='ltr'>cava:</span> <span class='ocrx_word' id='word_1_73' title='bbox 1149 2377 1503 2451; x_wconf 87' lang='lat' dir='ltr'>corrigantur</span> 
     </span>
     <span class='ocr_line' id='line_1_18' title="bbox 565 2457 1017 2516; baseline 0.004 -3"><span class='ocrx_word' id='word_1_74' title='bbox 565 2457 743 2514; x_wconf 90' lang='lat' dir='ltr'>Prava</span> <span class='ocrx_word' id='word_1_75' title='bbox 784 2459 1017 2516; x_wconf 89' lang='lat' dir='ltr'>viarum.</span> 
     </span>
    </p>
   </div>
   <div class='ocr_carea' id='block_1_8' title="bbox 376 2620 1611 2932">
    <p class='ocr_par' dir='ltr' id='par_1_13' title="bbox 379 2620 1611 2696">
     <span class='ocr_line' id='line_1_19' title="bbox 379 2620 1611 2696; baseline 0 -18"><span class='ocrx_word' id='word_1_76' title='bbox 379 2623 589 2679; x_wconf 85' lang='lat' dir='ltr'>Sancte</span> <span class='ocrx_word' id='word_1_77' title='bbox 629 2639 981 2696; x_wconf 81' lang='lat' dir='ltr'>praecursor,</span> <span class='ocrx_word' id='word_1_78' title='bbox 1024 2621 1156 2678; x_wconf 90' lang='lat' dir='ltr'>date</span> <span class='ocrx_word' id='word_1_79' title='bbox 1198 2639 1411 2695; x_wconf 86' lang='lat' dir='ltr'>praeco</span> <span class='ocrx_word' id='word_1_80' title='bbox 1453 2620 1611 2689; x_wconf 76' lang='lat' dir='ltr'>luciS,</span> 
     </span>
    </p>

    <p class='ocr_par' dir='ltr' id='par_1_14' title="bbox 376 2703 1497 2773">
     <span class='ocr_line' id='line_1_20' title="bbox 376 2703 1497 2773; baseline -0.004 -13"><span class='ocrx_word' id='word_1_81' title='bbox 376 2704 605 2762; x_wconf 87' lang='lat' dir='ltr'>Excitet</span> <span class='ocrx_word' id='word_1_82' title='bbox 648 2721 855 2760; x_wconf 90' lang='lat' dir='ltr'>somno</span> <span class='ocrx_word' id='word_1_83' title='bbox 896 2713 995 2760; x_wconf 90' lang='lat' dir='ltr'>tua</span> <span class='ocrx_word' id='word_1_84' title='bbox 1034 2721 1146 2760; x_wconf 84' lang='lat' dir='ltr'>vox</span> <span class='ocrx_word' id='word_1_85' title='bbox 1189 2703 1401 2760; x_wconf 87' lang='lat' dir='ltr'>inertes</span> <span class='ocrx_word' id='word_1_86' title='bbox 1416 2721 1430 2773; x_wconf 88' lang='lat'>;</span> <span class='ocrx_word' id='word_1_87' title='bbox 1491 2748 1497 2755; x_wconf 92' lang='lat'><em>.</em></span> 
     </span>
    </p>

    <p class='ocr_par' dir='ltr' id='par_1_15' title="bbox 377 2777 1421 2932">
     <span class='ocr_line' id='line_1_21' title="bbox 377 2777 1421 2860; baseline -0.001 -18"><span class='ocrx_word' id='word_1_88' title='bbox 377 2785 458 2842; x_wconf 92' lang='lat' dir='ltr'>Ut</span> <span class='ocrx_word' id='word_1_89' title='bbox 500 2803 701 2860; x_wconf 87' lang='lat' dir='ltr'>graves</span> <span class='ocrx_word' id='word_1_90' title='bbox 744 2783 881 2841; x_wconf 89' lang='lat' dir='ltr'>olim</span> <span class='ocrx_word' id='word_1_91' title='bbox 924 2784 1211 2860; x_wconf 86' lang='lat' dir='ltr'>fugiamus</span> <span class='ocrx_word' id='word_1_92' title='bbox 1253 2777 1421 2858; x_wconf 54' lang='lat' dir='ltr'>Agni‘</span> 
     </span>
     <span class='ocr_line' id='line_1_22' title="bbox 539 2866 968 2932; baseline 0.005 -10"><span class='ocrx_word' id='word_1_93' title='bbox 539 2866 799 2932; x_wconf 89' lang='lat' dir='ltr'>Vindicis</span> <span class='ocrx_word' id='word_1_94' title='bbox 842 2867 968 2924; x_wconf 82' lang='lat' dir='ltr'>iraS.</span> 
     </span>
    </p>
   </div>
   <div class='ocr_carea' id='block_1_9' title="bbox 369 3027 1623 3350">
    <p class='ocr_par' dir='ltr' id='par_1_16' title="bbox 374 3027 1623 3104">
     <span class='ocr_line' id='line_1_23' title="bbox 374 3027 1623 3104; baseline -0.004 -16"><span class='ocrx_word' id='word_1_95' title='bbox 374 3031 620 3088; x_wconf 87' lang='lat' dir='ltr'>Summa</span> <span class='ocrx_word' id='word_1_96' title='bbox 660 3029 783 3086; x_wconf 86' lang='lat' dir='ltr'>laus</span> <span class='ocrx_word' id='word_1_97' title='bbox 826 3029 993 3098; x_wconf 89' lang='lat' dir='ltr'>Patri,</span> <span class='ocrx_word' id='word_1_98' title='bbox 1037 3029 1348 3104; x_wconf 87' lang='lat' dir='ltr'>genitoque</span> <span class='ocrx_word' id='word_1_99' title='bbox 1391 3027 1623 3085; x_wconf 91' lang='lat' dir='ltr'>Verbo:</span> 
     </span>
    </p>

    <p class='ocr_par' dir='ltr' id='par_1_17' title="bbox 372 3110 1572 3187">
     <span class='ocr_line' id='line_1_24' title="bbox 372 3110 1572 3187; baseline -0.002 -19"><span class='ocrx_word' id='word_1_100' title='bbox 372 3113 619 3187; x_wconf 88' lang='lat' dir='ltr'>Aequus</span> <span class='ocrx_word' id='word_1_101' title='bbox 662 3112 965 3168; x_wconf 87' lang='lat' dir='ltr'>amborum</span> <span class='ocrx_word' id='word_1_102' title='bbox 1008 3112 1079 3169; x_wconf 87' lang='lat' dir='ltr'>sit</span> <span class='ocrx_word' id='word_1_103' title='bbox 1122 3110 1309 3168; x_wconf 92' lang='lat' dir='ltr'>honos</span> <span class='ocrx_word' id='word_1_104' title='bbox 1353 3110 1572 3174; x_wconf 89' lang='lat' dir='ltr'>Amori,</span> 
     </span>
    </p>

    <p class='ocr_par' dir='ltr' id='par_1_18' title="bbox 369 3191 1621 3350">
     <span class='ocr_line' id='line_1_25' title="bbox 369 3191 1621 3270; baseline -0.002 -19"><span class='ocrx_word' id='word_1_105' title='bbox 369 3194 491 3265; x_wconf 86' lang='lat' dir='ltr'>Qui</span> <span class='ocrx_word' id='word_1_106' title='bbox 534 3211 763 3250; x_wconf 89' lang='lat' dir='ltr'>sacrum</span> <span class='ocrx_word' id='word_1_107' title='bbox 806 3192 1016 3250; x_wconf 90' lang='lat' dir='ltr'>Christi</span> <span class='ocrx_word' id='word_1_108' title='bbox 1058 3191 1316 3270; x_wconf 85' lang='lat' dir='ltr'>pugilem</span> <span class='ocrx_word' id='word_1_109' title='bbox 1357 3200 1621 3266; x_wconf 91' lang='lat' dir='ltr'>potenter</span> 
     </span>
     <span class='ocr_line' id='line_1_26' title="bbox 536 3274 1058 3350; baseline 0 -18"><span class='ocrx_word' id='word_1_110' title='bbox 536 3274 720 3350; x_wconf 89' lang='lat' dir='ltr'>Ungit</span> <span class='ocrx_word' id='word_1_111' title='bbox 762 3284 817 3332; x_wconf 90' lang='lat' dir='ltr'>et</span> <span class='ocrx_word' id='word_1_112' title='bbox 860 3284 1058 3332; x_wconf 87' lang='lat' dir='ltr'>armat.</span> 
     </span>
    </p>
   </div>
   <div class='ocr_carea' id='block_1_10' title="bbox 1723 434 1834 489">
    <p class='ocr_par' dir='ltr' id='par_1_19' title="bbox 1723 434 1834 489">
     <span class='ocr_line' id='line_1_27' title="bbox 1723 434 1834 489; baseline 0 -16"><span class='ocrx_word' id='word_1_113' title='bbox 1723 434 1834 489; x_wconf 76' lang='lat'>125</span> 
     </span>
    </p>
   </div>
  </div>
 </body>
</html>
