2442 3950
984 434 1334 513 Pontzficum.
1850 442 1964 497 18r

526 598 761 657 Fecerat
801 598 1022 657 fervens
1064 618 1228 659 amor
1269 600 1618 677 inquietum:

530 680 669 751 Quo
709 681 901 756 gregis
942 681 1058 739 cari
1097 682 1195 757 pia
1238 701 1373 741 cura
1411 683 1614 758 poscit,

528 758 775 820 Advolat
812 772 1147 839 promptus:
1203 764 1370 823 mora
1409 782 1530 822 non
1569 774 1801 823 euntem

636 890 645 907 ,
688 843 821 903 Ulla
859 844 1122 903 retardat.

528 1005 664 1064 Dux
708 1007 826 1076 iter,
868 1006 981 1064 vita
1020 1016 1348 1084 praeeunte,
1390 1017 1701 1079 monstram

527 1087 887 1163 Comprobat
930 1087 1091 1147 factis
1134 1106 1239 1150 sua
1281 1088 1432 1147 dicta
1471 1090 1730 1165 magnis;

526 1167 602 1226 Et
648 1170 889 1235 domum
930 1179 1188 1229 sanctam
1230 1169 1378 1228 bene
1419 1170 1608 1229 olente
1649 1170 1859 1229 Christi

690 1246 897 1325 Implet
938 1251 1135 1311 odore,

529 1410 661 1473 Lux
701 1423 818 1471 erat
859 1431 1051 1484 caece,
1094 1413 1362 1472 columen
1401 1413 1634 1483 labanti,

530 1493 666 1551 Una
708 1513 849 1570 spes
884 1495 1067 1571 lap80,
1108 1496 1321 1570 misero
1361 1494 1636 1565 levamen,

534 1575 810 1635 Providus
851 1576 1076 1637 cunctis
1113 1585 1292 1651 pater,
1335 1577 1718 1653 omnibusque

695 1656 912 1717 Omnia
952 1657 1153 1717 factus·

530 1818 775 1891 Christe,
818 1819 1127 1879 Pastorum
1166 1820 1358 1877 bonus
1399 1821 1522 1897 ipse
1564 1820 1780 1893 Pastor,

532 1899 653 1971 Qui
694 1920 898 1980 greges
940 1902 1128 1979 pascis
1168 1902 1405 1979 proprio
1447 1920 1662 1974 cruore,

533 1981 650 2041 Fac
690 1994 751 2042 ut
792 1995 1020 2043 aeterne
1062 1984 1306 2043 subeant
1347 1985 1542 2061 opima

693 2066 913 2125 Pascua
952 2067 1116 2125 vitae.

966 2409 1061 2452 AD
1099 2407 1370 2454 LAUDES.

696 2618 851 2696 Jesu,
896 2619 1272 2678 Sacerdotum
1314 2618 1508 2690 decue,

697 2699 768 2756 In
808 2700 917 2759 hac
960 2701 1068 2771 die,
1112 2718 1229 2777 qua
1267 2699 1450 2775 gloria

699 2781 972 2840 Sanctum
1015 2799 1259 2840 coronas
1301 2781 1645 2851 Praesulem‚

697 2862 864 2921 Votis
906 2864 1109 2922 adesto
1150 2862 1491 2938 supplicum.

704 3025 817 3096 Sui,
844 3026 1121 3102 probatus
1162 3026 1483 3101 praemium
1552 3059 1557 3064 -

701 3109 949 3179 Amoris,
992 3118 1049 3166 et
1088 3109 1299 3184 pignus
1339 3109 1438 3179 tui,

702 3189 757 3246 A
800 3189 967 3248 Patre
1008 3189 1246 3247 traditos
1287 3189 1389 3246 tibi

704 3271 946 3347 Accepit
987 3289 1171 3348 agnos
1211 3289 1465 3346 pascere.
