2442 3950
596 404 705 459 160

1014 403 1091 461 [η
1148 403 1311 481 ngat.
1361 404 1618 465 ommam
1659 406 1773 467 SS.

907 570 1030 643 Qui
1071 590 1181 630 nos
1222 583 1479 645 coronat,
1524 574 1648 633 laus
1689 575 1860 646 Patri,

907 651 1078 723 Laus,
1122 655 1222 730 qui
1264 655 1522 727 redemit,
1566 656 1745 728 Filio;

911 734 1085 793 Alma
1121 736 1328 810 juvans
1369 754 1480 794 nos
1521 739 1720 812 gratia,

917 815 1002 873 Sit
1041 834 1148 891 par
1188 818 1292 875 tibi
1334 818 1476 889 lauS,
1523 818 1782 894 Spiritus.

1184 1177 1276 1221 AD
1319 1178 1588 1223 LAUDES.

900 1371 1197 1442 Coelestis,
1244 1371 1301 1431 O
1342 1372 1678 1448 Jerusalem,

899 1452 1177 1511 Mansura
1219 1471 1448 1529 semper
1489 1456 1706 1527 civitas,

902 1534 957 1593 O
999 1545 1086 1592 ter
1126 1536 1295 1605 beati,
1341 1554 1488 1611 quos
1530 1538 1643 1595 tuis

899 1614 1067 1675 Cives
1109 1617 1374 1675 recondis
1416 1619 1758 1679 moenibus!

898 1780 995 1838 Tu
1036 1780 1217 1859 pacis·
1239 1790 1501 1839 aeternae
1545 1781 1771 1852 domus,

897 1861 1121 1919 Dilecta
1164 1862 1508 1919 Sanctorum
1550 1864 1732 1939 quieS‚

897 1943 1077 2002 Sedes
1120 1942 1252 2023 Deo
1294 1944 1618 2015 fruentium,

896 2025 1077 2100 Regis
1120 2026 1353 2101 superni
1393 2020 1566 2084 curia.

898 2188 1014 2246 Hic
1056 2189 1115 2245 in
1156 2188 1364 2246 throno
1407 2188 1617 2248 sedens
1659 2189 1823 2248 Deus

895 2270 1151 2329 Cunctos
1192 2270 1326 2328 beat
1367 2271 1726 2346 praesentia:
1793 2315 1800 2321 .

894 2352 1011 2410 Hic
1052 2351 1138 2410 sol
1179 2353 1465 2426 perennis,
1510 2352 1815 2428 splendido

893 2433 1149 2508 Affulget
1188 2433 1398 2508 Agnus
1439 2434 1670 2491 lumine.
1717 2477 1728 2512 ζ

891 2596 1023 2653 Hac
1065 2595 1220 2665 sede,
1267 2613 1385 2672 quo
1427 2597 1593 2654 datur
1634 2595 1742 2653 frui

890 2677 989 2734 Nil
1031 2676 1197 2734 dulce
1237 2678 1428 2736 turbat
1469 2678 1682 2736 otium:

888 2758 1006 2816 Hic
1047 2776 1197 2816 unus
1241 2768 1326 2816 est
1372 2759 1595 2818 Sanctis
1637 2759 1801 2817 labor

886 2839 999 2897 Dei
1041 2858 1242 2898 vacare
1283 2841 1565 2899 laudibus.

888 3003 1025 3061 Huc
1067 3012 1220 3061 certa
1262 3021 1370 3061 nos
1413 3021 1548 3078 spes
1592 3013 1808 3071 evocat,

886 3083 1023 3143 Huc
1064 3094 1197 3142 vota
1240 3085 1474 3143 tendant
1515 3085 1741 3142 omnia:
1815 3137 1821 3148 ,

885 3165 1011 3224 Nec
1053 3174 1259 3224 terreat
1298 3167 1485 3225 brevis
1528 3167 1726 3225 labor:

886 3249 1153 3306 Aeterna.
1174 3265 1322 3323 quos
1365 3267 1586 3328 merces
1627 3255 1839 3327 rnanet.
