2442 3950
636 388 745 443 194
1261 368 1571 447 justorum.

958 509 1090 568 Hac
1134 512 1312 586 surgit
1355 512 1428 569 ad
1470 512 1696 569 coelum
1739 513 1864 569 via:

954 591 1029 648 Et
1070 610 1179 650 nos
1221 592 1426 651 eadem
1469 592 1560 663 da,
1604 593 1786 664 Pater,

959 672 1068 745 Da,
1111 673 1280 744 Nate,
1326 675 1400 733 da
1441 693 1574 733 cum
1619 673 1843 752 Spiritu,

959 754 1054 813 Ad
1095 766 1153 813 te
1193 757 1384 815 venire
1427 757 1644 815 semita.

1104 1160 1195 1203 AD
1239 1159 1545 1204 OFFICIUM
1589 1160 1778 1205 Nocr.

968 1338 1106 1397 Non
1146 1349 1309 1413 parta
1352 1340 1476 1397 solo
1519 1342 1798 1415 sanguine

974 1420 1155 1478 Ornat
1197 1420 1400 1478 beatos
1442 1439 1729 1497 purpura:

974 1501 1116 1559 Sunt
1158 1502 1466 1573 incruenta,
1510 1521 1658 1578 quae
1701 1522 1837 1562 suos

974 1582 1209 1641 Habent
1251 1584 1588 1659 triumphOS,
1630 1586 1857 1661 praelia.

974 1745 1111 1804 Non
1152 1747 1258 1804 iste
1301 1746 1581 1818 flammam,
1625 1766 1744 1805 non
1787 1768 2018 1819 cruces3

978 1827 1114 1885 Non
1160 1829 1336 1886 sensit
1379 1828 1560 1886 uncos
1603 1831 1896 1904 pectines:

976 1908 1237 1967 Crudelis
1280 1919 1335 1967 et
1377 1910 1552 1968 durus
1595 1912 1701 1968 sibi

980 1987 1063 2048 Se'
1096 2001 1280 2050 morte
1322 1991 1474 2050 lenta
1517 1994 1762 2053 conficit.

984 2154 1043 2212 Si
1085 2155 1248 2212 lictor
1290 2155 1364 2214 illi
1409 2155 1601 2228 defuit,

982 2236 1040 2292 Si
1082 2236 1281 2306 vincla,
1326 2236 1530 2308 sustess
1563 2240 1849 2314 ungulae;

980 2317 1180 2376 Pamta
1220 2337 1328 2392 pro
1369 2318 1599 2377 Christo
1640 2322 1787 2378 mori

982 2399 1117 2457 Hoc
1158 2400 1388 2475 supplet
1429 2419 1604 2459 omne
1646 2403 1864 2460 caritas,

986 2562 1211 2637 Corpus
1256 2564 1481 2638 subegit
1523 2564 1767 2636 castitas,

984 2643 1057 2700 Et
1099 2643 1333 2702 liberam
1349 2651 1358 2662 '
1377 2655 1630 2704 mentem
1671 2647 1852 2704 fides:

984 2727 1166 2782 Amor
1210 2727 1468 2800 supernis
1511 2727 1740 2802 ignibus

990 2805 1203 2864 Totam
1246 2807 1419 2864 litavit
1461 2807 1724 2867 hostiam.

989 2967 1168 3026 Venis
1211 2972 1419 3044 apertis
1461 2971 1730 3029 omnibus

991 3047 1109 3119 Qui
1150 3051 1314 3109 vellet
1355 3053 1502 3110 ultro
1543 3071 1858 3128 erumpere,

992 3130 1307 3190 Fraudatus
1349 3143 1544 3208 optata
1585 3135 1690 3204 via,

994 3212 1045 3269 It
1086 3212 1246 3272 fusus
1289 3216 1347 3272 in
1390 3215 1585 3273 fletum
1628 3235 1810 3275 cruor.
