2442 3950
658 413 827 472 Intra
876 411 1140 472 Octavam
1183 413 1551 491 Epiphaniae.

381 577 513 635 Nos
555 577 717 635 radix
760 576 922 635 oleae
965 577 1220 636 sustinet.
1280 579 1409 637 Ah!
1456 598 1608 651 cave,

380 659 501 730 Qui
545 669 677 730 stas,
720 677 795 716 ne
838 658 1011 717 sterili
1051 659 1285 718 deficias
1327 661 1456 720 fide.

383 741 482 798 Tu
523 758 717 798 ramos
759 751 978 799 veteres
1021 741 1204 799 insere
1249 742 1476 801 denuo:

546 822 644 879 Tu
686 840 864 898 serva,
906 822 1086 894 DeuS,
1127 824 1346 882 insitos

377 985 498 1056 Qui
542 1003 650 1043 nos
691 986 954 1043 membra
995 986 1140 1044 sacri
1181 988 1439 1062 corporis
1481 987 1671 1058 efficit,

380 1067 466 1124 Sit
509 1068 631 1125 laus
674 1086 903 1125 summa
942 1067 1132 1125 Patri:
1183 1068 1308 1128 laus
1350 1087 1582 1144 quoque
1624 1070 1786 1141 Filio,

380 1149 566 1225 Cujus
605 1150 870 1207 membra
913 1167 1148 1208 sumus:
1199 1168 1319 1226 quo
1359 1152 1520 1228 vigor
1561 1152 1743 1210 influit

543 1229 841 1303 Membris,
885 1232 1007 1289 laus
1048 1232 1166 1302 tibi,
1213 1231 1470 1307 Spiritus,

911 1555 1246 1568 ———-——-

448 1773 714 1832 INTRA
756 1772 1169 1832 OCTAVAM
1212 1774 1735 1838 EPIPHANIAE.

756 2011 847 2054 AD
888 2010 1196 2088 OFFIeIUM
1241 2012 1432 2056 NOCT.

378 2207 517 2279 Qua
555 2206 724 2282 lapsu
762 2207 937 2264 tacito
980 2206 1141 2265 stella
1180 2205 1525 2281 loquacibus

379 2288 656 2348 Scintillat
696 2289 884 2358 radiis,
927 2287 1040 2347 huc
1083 2288 1265 2347 oculis
1308 2288 1491 2364 Magi,
1550 2344 1555 2349 .

379 2371 515 2430 Huc
560 2370 870 2441 desideriis,
912 2370 1024 2428 huc
1066 2370 1281 2445 rapidis
1326 2372 1493 2428 simul

540 2452 777 2511 Certant
818 2451 1052 2510 tendere
1093 2452 1380 2527 passibus.

377 2614 458 2671 Ut
500 2624 734 2673 ventum
779 2615 1093 2690 Solymam,
1136 2632 1262 2673 non
1303 2616 1427 2674 sine
1471 2617 1707 2675 numine

376 2695 616 2755 Laetam
658 2696 818 2755 stella
858 2697 1062 2769 facem,
1104 2697 1254 2772 proh
1298 2698 1493 2756 dolor!
1544 2700 1784 2770 occulit;

381 2777 755 2854 Incertosque
796 2779 936 2848 viae,
981 2797 1088 2837 ceu
1128 2778 1323 2837 medio
1367 2798 1575 2855 vagam

541 2859 745 2931 Cursu,
789 2860 1056 2931 destituit,
1098 2870 1298 2919 ratem.

379 3021 481 3092 Illi,
523 3021 600 3079 nil
642 3023 860 3081 rabiem
901 3023 1194 3099 principis,
1238 3022 1461 3082 invidas

379 3102 476 3161 Nil
517 3113 666 3162 artes
707 3105 883 3175 veriti,
928 3102 1111 3183 (tanta
1152 3106 1359 3163 animis
1402 3105 1546 3163 fides
1566 3103 1607 3183 ἔ)

379 3184 553 3243 Urbis
593 3203 698 3262 per
738 3186 995 3263 trepidae
1037 3188 1293 3262 compita
1332 3187 1669 3263 praedicant

541 3266 768 3344 Regem
810 3286 1082 3343 quaerere
1124 3286 1187 3327 se
1230 3287 1464 3328 novum.

1246 3368 1285 3407 E
1322 3368 1353 3407 2
