2442 3950
704 421 769 481 S.
810 420 1045 479 Mariae
1082 418 1462 496 Magdalenes.
1766 442 1782 479 1
1797 438 1868 497 37

602 576 848 661 Iinpleta
886 602 1039 642 nunc
1081 583 1424 659 Apostolam

604 667 894 725 Promissa
933 676 989 723 te
1030 666 1282 741 prima-m'
1320 666 1498 725 choro

601 748 1013 824 Apostolorum
1054 747 1294 822 grandia

597 828 810 905 Jubent
850 829 1055 887 referre
1096 829 1310 887 nuntia.

598 991 729 1049 Deo
771 991 923 1049 Patri
964 991 1036 1049 sit
1076 990 1273 1067 gloria,

598 1072 855 1149 Ejusque
896 1073 1005 1131 soli
1046 1070 1207 1143 Filio,

600 1154 811 1213 Sancto
854 1143 1022 1212 simul
1051 1172 1197 1213 cum
1241 1153 1469 1230 Spiritu,

599 1234 656 1292 N
659 1254 787 1307 unc
830 1246 887 1293 et
924 1254 1031 1312 per
1071 1252 1246 1295 omne
1289 1236 1560 1307 seculum.

870 1561 962 1605 AD
1002 1560 1272 1606 LAUDES.

348 1780 537 1839 Maria
581 1798 745 1839 sacro
787 1783 980 1841 saucia
1020 1783 1267 1854 vulnere,

347 1861 485 1919 Non
523 1864 649 1939 jam
688 1862 1001 1922 dolendum
1044 1865 1182 1941 quid
1224 1829 1546 1923 bominum
1587 1865 1787 1958 doles?

346 1942 591 2020 Semper
630 1963 936 2006 renascens
977 1947 1069 2006 hic
1112 1949 1326 2009 amoris

344 2025 519 2084 Unde
563 2027 664 2084 tibi
705 2029 983 2088 violentus
1024 2029 1233 2088 ardor?
1341 2084 1348 2101 ,

344 2189 541 2260 Quem
584 2190 809 2266 quaeris
850 2191 979 2266 ipso
1020 2189 1234 2252 funeris
1276 2194 1336 2251 in
1379 2197 1523 2267 sinu,

343 2271 517 2329 Victo
561 2271 869 2348 triumphat
910 2273 1107 2330 funere
1150 2275 1368 2342 clarior,

341 2353 529 2410 Vivit:
576 2363 789 2412 retecto
826 2354 948 2430 jam
990 2356 1271 2430 sepulcr0‚

341 2435 495 2492 Ecce
536 2435 728 2510 jacent
768 2437 1022 2494 revoluta
1062 2455 1218 2496 saxa.

340 2596 641 2672 Myrrham
682 2598 820 2675 quid
862 2599 1047 2664 affers,
1090 2617 1350 2677 vanaque
1392 2603 1688 2665 balsama?

344 2678 511 2736 Haec
554 2680 679 2738 luce
721 2680 929 2738 functis
970 2680 1161 2739 debita
1201 2701 1472 2742 munera.-

345 2759 495 2818 Mox
538 2759 631 2818 ille
669 2761 975 2820 donandos
1020 2760 1276 2841 Olympo

344 2841 481 2899 Non
524 2853 656 2917 eget
698 2841 785 2902 his
828 2842 1105 2902 redivivus
1148 2855 1319 2904 artus,

347 3003 560 3079 Ingens
602 3015 895 3064 amantem
935 3016 994 3065 te
1033 3007 1199 3066 doior
1241 3008 1485 3082 indicat;

345 3086 565 3144 Amans
606 3086 856 3146 vicissim
898 3106 959 3146 se
1000 3085 1164 3148 Deus
1206 3091 1444 3149 obtulit:

344 3167 615 3241 Agnosce
658 3185 863 3228 vocem
904 3179 967 3228 tu
1008 3168 1276 3246 Magistri

345 3247 599 3307 Nomine
642 3259 700 3309 te
740 3251 978 3326 proprio
1018 3254 1291 3312 vocantis,
