2442 3950
490 419 607 491 ²84
826 416 903 475 In
943 415 1104 476 Festo
1146 415 1261 477 SS.
1289 415 1458 474 Petri
1493 423 1544 474 el
1579 419 1773 477 Pauli.

652 578 814 636 Serta
854 586 938 635 ter
980 577 1143 636 denis
1184 577 1328 636 alios
1370 586 1650 634 coronant

649 661 838 717 Aucta
879 659 1199 730 crementis,
1245 658 1531 734 duplicata
1572 658 1892 734 quosdam3

650 739 831 798 Trina
872 751 929 800 te
970 741 1157 800 fructu
1197 739 1487 798 cumulata
1528 750 1760 798 centum

812 821 871 880 N
874 823 1076 885 exibus
1116 822 1383 882 ornant.*

654 983 951 1044 Laudibus
994 985 1146 1044 cives
1190 985 1480 1044 celebrent
1521 984 1774 1064 superni,

650 1065 740 1123 Te
782 1066 945 1124 Deus
988 1066 1252 1142 simplex,
1294 1067 1622 1143 pariterque
1664 1066 1852 1135 trine,'

648 1147 951 1224 Supplices
992 1158 1049 1206 et
1090 1167 1201 1208 nos
1247 1148 1477 1206 veniam
1518 1165 1862 1223 precamur:

810 1228 991 1288 Parce
1031 1227 1360 1308 redemptis.
1455 1256 1460 1264 ·

1092 1409 1313 1417 ἡ
1355 1412 1465 1416 -.ἡ

673 1517 761 1574 ΙΝ
808 1516 1074 1576 FESTO
1122 1515 1222 1575 SS.
1269 1515 1900 1577 APOSTOLORUM

929 1638 1178 1698 PETRI
1221 1639 1334 1697 ET
1377 1639 1640 1699 PAULI·

1056 1841 1147 1883 AD
1191 1839 1516 1883 VESPERAS.

645 1983 876 2042 Decora
917 1981 1015 2039 lux
1057 1981 1442 2052 Aeternitatis,
1487 1994 1722 2039 auream

645 2065 818 2122 Diem
862 2063 1044 2121 beatis
1087 2063 1335 2138 irrigavit
1375 2063 1624 2138 ignibuS,

645 2146 1065 2221 Apostolorum
1106 2163 1256 2221 quae
1299 2154 1537 2203 coronat
1578 2146 1886 2221 principes,

646 2228 902 2303 Reisque
945 2226 1006 2284 in
1047 2235 1200 2285 astra
1240 2225 1479 2285 liberam
1521 2227 1722 2303 pandit
1765 2229 1933 2285 viam.

648 2389 855 2446 Mundi
898 2382 1187 2464 magister,
1234 2398 1406 2465 atque
1450 2389 1596 2447 coeli
1635 2390 1870 2465 janitor,

647 2471 874 2528 Romae
916 2480 1199 2545 parentes,
1243 2471 1552 2547 arbitrique
1594 2472 1878 2546 gentium,

646 2552 756 2609 Per
798 2553 952 2611 ensis
994 2552 1103 2623 ille,
1145 2551 1240 2610 hic
1281 2570 1385 2627 per
1428 2553 1612 2611 crucis
1654 2554 1837 2612 victor
1879 2571 2087 2611 necem

643 2632 812 2693 Vitae
856 2643 1118 2692 senatum
1159 2634 1394 2692 laureati
1434 2634 1754 2709 possident.

751 2768 781 2796 *θ
804 2764 936 2810 Nunc
966 2773 1120 2826 potens
1152 2765 1282 2811 nostri
1315 2764 1478 2811 meritis
1509 2766 1666 2825 opimis

798 2830 987 2876 Pectoris
1008 2830 1134 2876 duros
1164 2830 1326 2891 lapides
1350 2830 1518 2883 revelle,
1618 2827 1632 2843 ‘

798 2895 1014 2955 Asperum
1045 2895 1221 2955 planans
1253 2895 1351 2950 iter,
1383 2904 1429 2941 et
1459 2895 1641 2941 reflexos

930 2960 1083 3025 Dirige
1114 2960 1252 3007 (alles,

796 3092 861 3137 Ut
892 3091 986 3151 pius
1017 3091 1171 3138 mundi
1204 3090 1326 3137 sator
1357 3099 1403 3137 et
1435 3092 1723 3151 Redemptor.

796 3157 1020 3203 Mentibus
1050 3158 1200 3219 culpae
1233 3157 1326 3203 sine
1359 3158 1454 3203 labe
1485 3157 1614 3218 puris,

797 3224 901 3270 Rite
934 3222 1135 3285 dignetur
1166 3221 1344 3269 veniens
1375 3224 1519 3269 beatos

927 3287 1097 3335 Ponere
1130 3300 1308 3353 gressis.
