2442 3950
568 388 683 457 382
952 383 1029 440 In
1070 382 1373 442 Domim‘ca
1413 386 1474 440 in
1513 385 1754 442 Palmis.

832 708 919 765 IN
962 708 1387 767 DOMINICA
1429 708 1518 765 IN
1561 707 1924 765 PALMIS*.

569 937 785 1005 Gloria,
804 937 945 1006 lauS,
963 946 1020 994 et
1036 937 1223 994 honor
1245 937 1348 993 tibi
1371 937 1442 993 sit
1458 955 1558 993 rex
1577 936 1802 994 Christe
1823 935 2176 1009 redemptor:

650 1017 761 1076 Cui
802 1019 1017 1093 puerile
1060 1019 1239 1076 decus
1279 1019 1565 1093 prompsit
1607 1017 1898 1075 Hosanna
1937 1017 2115 1090 pium.

568 1182 746 1239 Israel
786 1200 851 1237 es
892 1189 956 1236 tu
1000 1180 1146 1251 Rex,
1190 1179 1439 1238 Davidis
1481 1191 1538 1238 et
1579 1180 1790 1254 inclyta
1827 1179 2058 1254 proles:

650 1263 907 1320 Nomine
949 1264 1048 1337 qui
1088 1262 1328 1320 Domini
1369 1280 1470 1320 rex
1511 1262 1813 1319 benedicte
1854 1261 2032 1317 venis.

570 1344 785 1412 Gloria,
827 1346 927 1400 dxc.

567 1507 784 1564 Coetus
826 1507 885 1562 in
927 1506 1169 1563 excelsis
1210 1518 1268 1562 te
1309 1507 1502 1563 laudat
1544 1505 1794 1562 coelicus
1835 1506 2046 1574 omniS,

648 1587 723 1644 Et
762 1587 1018 1644 mortalis
1060 1587 1256 1657 homo,
1301 1598 1358 1645 et
1401 1597 1606 1645 cuncta
1647 1597 1837 1643 creata
1880 1587 2065 1643 sim'ul.

568 1669 784 1738 Gloria,
826 1670 927 1725 ὣς.

565 1832 734 1889 Plebs
777 1830 1051 1888 Hebraea
1090 1830 1192 1886 tibi
1234 1849 1368 1887 cum
1407 1830 1615 1905 palmis
1657 1830 1828 1887 obvia
1869 1831 2050 1887 venit:

648 1913 799 1970 Cum
840 1930 1030 1988 prece,
1072 1921 1224 1983 voto,
1269 1912 1515 1988 hymniS,
1557 1911 1833 1969 adsumus
1877 1930 2012 1969 ecce
2053 1913 2163 1969 tibi.

564 1996 779 2064 Gloria,
822 1996 923 2053 Arc.
1038 2062 1045 2067 ι

566 2158 648 2214 Hi
690 2157 791 2214 tibi
832 2175 1075 2233 passuro
1118 2158 1414 2214 solvebant
1452 2157 1651 2213 munia
1691 2156 1908 2214 laudis:

647 2235 773 2296 Nos
815 2239 917 2296 tibi
957 2240 1216 2314 regnanti
1260 2239 1567 2314 pangimus
1609 2256 1746 2296 ecce
1787 2238 1990 2295 melos

492 2367 501 2373 .
567 2320 781 2390 Gloria,
824 2322 923 2377 ἃς.

565 2482 647 2538 Hi
689 2482 955 2558 placuere
1000 2483 1114 2553 tibi,
1156 2484 1381 2558 placeat
1422 2481 1652 2539 devotio
1694 2492 1922 2539 nostra:

563 2645 619 2703 G
646 2563 775 2620 Rex
792 2564 963 2701 bgne,
986 2582 1085 2621 rex
1108 2564 1379 2634 clemens,
1402 2564 1492 2621 cui
1515 2563 1669 2620 bona
1691 2574 1897 2622 cuncta
1924 2564 2154 2640 placent.

622 2645 777 2715 lotia,
871 2664 919 2703 c.

954 2784 983 2811 ¹*
1003 2783 1213 2844 Hymnus
1249 2800 1275 2829 e
1310 2784 1484 2830 Missali
1520 2784 1752 2844 Romano.
