2442 3950
574 442 652 501 In
692 440 1132 500 Praesentatz'one
1170 440 1246 501 B.
1290 440 1538 503 Alariae.
1749 446 1852 518 163

410 607 619 671 Nobis,
662 616 861 665 sancta
901 605 1125 676 cohors,
1170 606 1249 664 sis
1290 606 1478 664 bona:
1535 602 1800 664 fluctibus
1856 637 1860 642 -

412 690 725 749 Luctantes
764 687 971 745 mediis
1012 703 1159 763 quos
1201 687 1382 745 modo
1422 688 1675 763 respiciS,

573 770 669 827 Da
708 779 925 847 portus,
969 769 1115 827 duce
1157 766 1406 839 Christe,

574 851 670 909 Da
710 851 1040 926 contingere
1081 867 1409 927 prosperos.

416 1014 469 1071 A
513 1032 631 1091 quo
673 1023 878 1072 cuncta
918 1013 1117 1083 fluunt,
1161 1013 1415 1071 maxima
1457 1013 1578 1071 laus
1622 1012 1804 1085 Patri3

415 1094 533 1167 Qui
574 1096 858 1153 mundum
898 1104 1139 1170 reparat,
1181 1095 1436 1153 maxima
1477 1094 1654 1152 Filio:

580 1178 657 1235 Et
697 1194 816 1253 quo
855 1186 1091 1253 pectora
1131 1176 1390 1251 flagrant,

582 1258 666 1317 Sit
706 1258 834 1318 laus
870 1260 1126 1318 maxima
1165 1251 1427 1315 Flamini.

896 1604 1072 1668 Nov.
1120 1626 1223 1674 21.

348 1784 440 1840 IN
499 1782 1363 1844 PRAESENTATIONE
1418 1783 1783 1841 BEATAE

634 1912 996 1971 MARIAE
1050 1911 1492 1973 VIRGINIS.

697 2078 789 2120 AD
830 2077 1061 2123 PRIMAS
1106 2077 1430 2123 VESPERAS.

430 2215 648 2286 Quam
666 2216 901 2291 pulchre
940 2217 1194 2292 graditur
1236 2217 1350 2276 filia
1390 2218 1682 2294 Principis,

324 2299 333 2307 ‘
432 2296 666 2373 Templi
707 2316 840 2355 cum
880 2308 1149 2374 properat
1189 2299 1384 2357 limina
1423 2304 1690 2375 tangere!

592 2379 876 2438 Praeludit
915 2380 1155 2450 meliori,

594 2459 789 2532 Quam
831 2478 971 2520 mox
1013 2461 1213 2520 offeret
1256 2461 1517 2520 hostiam.

433 2623 485 2680 E
526 2625 723 2683 matris
763 2625 1002 2699 gremi0,
1045 2623 1315 2683 Numinis
1356 2625 1416 2681 in
1458 2625 1647 2683 sinum

434 2703 633 2764 Infans
674 2722 794 2764 non
836 2705 1023 2764 dubiis
1063 2706 1331 2781 passibus
1373 2705 1599 2764 advolat
1615 2726 1644 2778 ;⁴

593 2786 778 2862 Virgo
819 2787 1089 2846 Numinis
1131 2805 1246 2858 ara,

596 2868 729 2928 Aris
768 2869 1009 2928 victima.
1039 2869 1267 2928 sistitur.

441 3027 673 3106 Sponsd
711 3031 975 3090 membra
1012 3032 1145 3091 Deo
1184 3031 1381 3089 mollia
1421 3031 1692 3104 devovet;

440 3111 648 3172 Cordis
688 3113 925 3189 virginei
964 3113 1191 3172 dedicat
1231 3113 1461 3171 intima:

600 3193 800 3253 Verbo
842 3195 1035 3253 debita
1072 3205 1272 3266 mater,

599 3275 799 3335 Verbo
840 3278 1057 3336 viscera
1098 3287 1410 3337 consecrat.

1285 3374 1332 3415 u
1366 3375 1396 3413 2
