2442 3950
733 414 845 475 SS.
888 418 1058 477 Petri
1090 426 1141 477 et
1178 421 1372 480 Pauli.
1737 442 1758 477 1
1773 436 1842 495 27

410 579 627 636 Laetus
671 588 967 640 aeternum
1010 584 1257 642 celebret
1300 585 1605 642 Parentem

413 660 629 718 Orbis:
678 671 973 720 aeternum
1017 666 1263 724 celebret
1305 666 1562 724 Parentis

411 741 657 798 Filium:
710 761 813 818 par
856 745 927 802 sit
968 747 1067 803 tibi
1109 746 1232 806 laus
1274 766 1378 823 per
1419 766 1610 818 omne,

574 822 831 898 SpirituS‚
876 844 1097 886 aevum.

862 1110 1052 1191 JUNrr
1103 1132 1204 1198 29.

653 1314 752 1373 SS.
802 1314 1051 1373 PETRI
1093 1316 1205 1373 ET
1249 1315 1494 1402 PAULI

741 1448 1384 1508 APOSTOLORUM.

691 1660 781 1703 AD
824 1660 1057 1705 PRIMAS
1109 1658 1430 1704 VESPERAS.

342 1815 514 1887 Quos
554 1814 741 1890 junxit
782 1833 947 1884 unus,
992 1814 1105 1871 vita
1147 1814 1288 1871 dum
1329 1814 1554 1885 mansit,
1595 1816 1776 1884 labor,
1864 1888 1866 1891 y

344 1897 515 1967 Quos
560 1914 675 1953 una
717 1897 890 1953 clarat
932 1905 1117 1953 morte
1160 1895 1355 1972 palma
1397 1895 1695 1972 MartyreS,

342 1980 543 2036 Ambo
586 1979 789 2037 sacrati
830 1979 1119 2054 principes
1162 1979 1460 2048 exercituS,

346 2061 533 2118 Coelo
576 2071 840 2136 receptos
883 2079 996 2117 una
1038 2077 1141 2117 vos
1184 2059 1318 2118 colit
1361 2061 1499 2118 dies.

347 2221 491 2292 Vos,
540 2214 826 2298 angularis
870 2223 960 2280 cui
1004 2224 1200 2280 subest
1244 2222 1504 2282 Christus
1546 2223 1707 2299 lapis,

350 2303 629 2362 Fundatis
671 2305 934 2362 Aedem:
985 2305 1231 2379 mystico
1272 2317 1374 2363 vos·
1420 2305 1680 2380 Corpori,

355 2386 465 2444 Cui
508 2386 835 2462 praesidere
877 2387 1089 2462 gaudet
1133 2398 1440 2462 augustum
1485 2387 1691 2462 Caput,

354 2468 598 2542 Fulgere
642 2469 795 2526 clara
830 2469 997 2544 jussit
1044 2468 1218 2526 ambo
1262 2470 1493 2526 lumina.

354 2629 423 2686 In
466 2641 521 2688 te
564 2640 818 2705 potestas
862 2631 1120 2701 clavium,
1165 2631 1346 2701 Petre,
1389 2633 1632 2702 eminet}

356 2712 464 2781 Te,
510 2711 701 2776 Paule,
745 2713 962 2770 flumen
1004 2713 1197 2787 irrigat
1241 2713 1544 2772 scientiae:

360 2792 615 2868 Uterque
658 2793 875 2864 Pastor,
921 2803 977 2852 e't
1018 2795 1306 2868 magister,
1353 2805 1408 2852 et
1449 2813 1675 2870 parem,

357 2874 627 2949 Olimque
669 2875 890 2933 mundo
933 2876 1194 2934 destinati
1233 2876 1471 2952 judiceS.

358 3036 752 3094 Infirmitatem
795 3038 978 3096 carnis
1021 3039 1239 3113 experti
1281 3050 1490 3110 tamen,

358 3117 561 3176 Nostis
605 3118 883 3176 caducam
927 3119 1109 3177 fictilis
1151 3129 1358 3178 testam
1401 3121 1534 3192 luti3

359 3199 433 3256 Et
476 3201 768 3258 consecuti
810 3202 1069 3275 gratiam,
1114 3201 1414 3260 clientibus

358 3281 664 3340 Praestatis
706 3281 853 3339 ultro
896 3301 1069 3357 quam
1112 3283 1207 3359 pie
1249 3295 1496 3360 poscunt
1539 3299 1729 3357 opem.
