2442 3950
772 1183 1366 1269 PRAEFATIO.

272 1794 349 1839 ΝΕ
382 1794 552 1840 mirum
585 1793 684 1848 tibi,
716 1793 883 1839 Lector
914 1791 1148 1846 benevole,
1172 1791 1396 1847 videatur,
1429 1792 1654 1852 Hymnos,
1678 1808 1790 1852 quos
1825 1793 1870 1838 in

270 1919 479 1965 manibus
502 1917 658 1972 habes,
682 1926 729 1963 et
758 1917 948 1963 materie
971 1923 1173 1962 vetustos
1198 1924 1244 1962 et
1279 1916 1397 1971 stilo,
1420 1916 1647 1963 hodiernis
1680 1917 1801 1979 typis
1825 1925 1872 1964 et

274 2043 598 2089 hodiernorum
638 2042 786 2089 favori
826 2057 921 2088 esse
961 2042 1324 2097 commendatos,
1390 2042 1500 2087 Non
1541 2041 1663 2087 enim
1705 2043 1785 2089 abs
1825 2051 1871 2089 te

274 2165 484 2228 exigitur,
506 2173 560 2210 ut
583 2163 796 2224 quicquid
818 2163 892 2209 hic
917 2164 1134 2222 scriptum
1156 2162 1395 2218 inveneris,
1419 2164 1465 2208 id
1497 2164 1543 2208 in
1567 2163 1714 2209 sinum
1737 2173 1869 2210 tuum

272 2289 459 2349 recipias
483 2287 620 2342 illico,
644 2287 814 2346 absque
839 2286 978 2332 animi
1008 2286 1100 2333 ulla
1124 2286 1451 2332 exercitatione
1475 2294 1554 2332 aut
1575 2287 1746 2345 judicio
1770 2296 1870 2333 tuo.

271 2414 434 2472 Neque
457 2412 533 2471 qui
565 2419 719 2457 totum
753 2410 921 2469 aliquid
953 2410 1045 2456 edit
1070 2410 1116 2454 in
1148 2410 1396 2469 publicum,
1419 2410 1546 2456 illurn
1569 2418 1753 2469 oportet
1775 2411 1875 2456 uni-

272 2527 386 2572 versi
410 2527 557 2585 operis
579 2526 626 2571 in
654 2526 827 2587 singula
862 2540 1069 2585 quaeque
1098 2526 1264 2586 jurare,
1289 2536 1368 2573 aut
1400 2528 1447 2572 in
1480 2542 1630 2572 rerum
1665 2527 1871 2586 squalore

270 2648 504 2694 immorari
526 2648 649 2707 quod
671 2648 718 2692 in
749 2648 1021 2707 antiquitate
1043 2658 1260 2696 versatur.
1325 2650 1428 2697 Alia
1463 2650 1676 2697 nimirum
1699 2660 1802 2698 sunt
1827 2652 1874 2697 in

270 2772 580 2819 monumentis
601 2780 807 2817 veterum
832 2772 1042 2832 simplicis
1075 2788 1129 2820 ac
1153 2774 1368 2833 pristinae
1400 2784 1590 2822 naturae
1613 2776 1837 2823 elementa
1857 2794 1870 2833 ;

268 2909 449 2953 prorsus
474 2892 594 2939 aliud
619 2900 883 2938 concretum
905 2893 1082 2948 vitium,
1107 2902 1153 2939 et
1176 2896 1328 2941 sordes
1351 2903 1625 2956 temporum.
1681 2896 1871 2943 Cordati

266 3028 427 3066 autem
450 3018 648 3065 hominis
682 3027 765 3074 est,
787 3033 934 3079 neque
967 3018 1172 3065 obsoleta
1207 3034 1290 3079 pro
1324 3020 1494 3078 priscis,
1517 3035 1601 3066 nec
1634 3022 1869 3083 peregrina

266 3157 351 3201 pro
376 3142 499 3187 falsis
523 3141 705 3188 habere.

335 3267 478 3325 Qiod
518 3266 703 3326 quidem
736 3267 913 3325 optimo
948 3267 1137 3314 consilio
1171 3275 1327 3315 actum
1362 3276 1428 3313 est
1463 3267 1574 3313 olim
1609 3282 1634 3311 a
1669 3266 1870 3325 patribus
