2442 3950
672 409 736 469 S;
780 408 1015 468 Mariae
1050 405 1429 482 Magdalenes.

574 573 804 633 Mundo
844 571 1173 647 redemptor
1214 569 1314 644 qui
1355 567 1530 637 venis,

574 656 698 726 Fili,
740 654 844 713 tibi
883 653 1005 711 laus
1048 651 1302 709 maxima

527 738 537 744 “
574 737 731 796 Cum
773 735 975 793 Patre:
1032 750 1139 791 nec
1181 732 1283 789 tibi
1323 730 1514 789 minor

578 818 751 889 Laus,
793 817 1084 891 utriusque
1126 813 1386 888 Spiritus,

906 1070 1227 1081 ———

886 1229 1069 1311 JULu
1120 1249 1219 1293 22.

514 1410 578 1468 S.
638 1408 961 1469 MARIAE
1017 1408 1596 1475 MAGDALENES.

694 1630 787 1673 AD
829 1629 1061 1674 mmsis
1107 1629 1432 1695 vEsPERAS.

506 1767 715 1825 Procul
754 1766 989 1843 maligni
1030 1767 1215 1825 cedite
1258 1766 1521 1841 spiritus;

504 1848 566 1909 N
570 1867 681 1911 unc
722 1849 1023 1924 imperanti
1066 1848 1251 1907 cedite
1294 1847 1351 1905 N
1355 1848 1550 1918 nmini,

506 1930 863 2006 Fessamque
906 1930 1061 1996 duris
1104 1926 1515 2006 Magdalenam

508 2012 731 2072 Parcite
772 2031 925 2077 nunc
966 2013 1179 2088 agitare
1221 2012 1444 2087 poenis.

505 2175 720 2234 Christi
755 2175 1006 2251 jubentis
1047 2175 1283 2232 numine
1324 2173 1496 2231 territi

514 2256 735 2332 Fugere
776 2265 1031 2332 septem:
1088 2273 1227 2315 mox
1265 2255 1378 2312 sibi
1418 2253 1652 2324 reddita,

510 2337 619 2409 Te,
662 2337 907 2408 Christe,
947 2345 1309 2395 consectatur
1349 2354 1546 2405 unum,

512 2419 587 2478 Et
626 2419 871 2487 memori
912 2419 1013 2476 tibi
1054 2427 1247 2476 mente
1287 2417 1472 2476 servit.

514 2581 677 2653 Quin
716 2591 773 2642 et
814 2589 1048 2640 cruenta
1088 2581 1161 2638 de
1203 2582 1363 2644 trabe
1401 2580 1654 2655 pendulo

514 2662 748 2727 Christo
788 2663 986 2722 litabat
1026 2662 1179 2720 mille
1222 2662 1548 2726 doloribus:

518 2744 716 2816 Quam
754 2745 922 2803 vellet
962 2744 1202 2802 insontis
1246 2743 1507 2818 Magistri

518 2825 658 2885 Sola
696 2845 899 2902 graves
940 2825 1179 2888 tolerare
1219 2843 1456 2900 poenas.
1502 2846 1508 2852 ·

522 2987 770 3048 Miscere
812 2987 977 3047 fletus
1020 2988 1312 3064 sanguinis
1354 2976 1620 3044 aemulos

528 3069 667 3133 Non
709 3080 910 3140 cessat,
955 3071 1187 3128 adstans
1229 3069 1457 3126 victima
1496 3069 1773 3138 victimae,

525 3149 805 3222 Christus,
850 3152 1088 3221 silendO,
1132 3151 1211 3208 nil
1252 3150 1541 3225 rependit:

530 3230 729 3304 Quam
770 3233 973 3294 melius
1002 3234 1220 3312 ‘probat
1258 3231 1394 3290 hinc
1437 3233 1755 3292 amantem!
