2442 3950
942 437 1247 514 ngum.

444 601 671 676 Sponsa
712 599 919 658 dilecto
961 600 1236 676 placitura
1279 599 1526 678 SponSO,

442 681 699 757 Despicit
740 691 969 756 ruptum
1009 683 1217 740 laniata
1257 701 1499 760 corpus:

406 769 413 776 ”
446 763 549 821 Est
591 781 725 821 suus
768 764 980 822 truncis
1021 763 1205 823 honor
1245 775 1302 822 et
1344 775 1609 824 venustas

608 844 709 902 Est
752 863 855 902 sua
896 847 1187 904 membris,

449 1007 655 1066 Omnis
696 1026 730 1065 a
770 1017 926 1065 recto
968 1007 1090 1066 fluit
1131 1007 1221 1066 ille
1264 1008 1566 1084 splendor:

448 1089 687 1160 Christe,
730 1090 812 1147 sic
854 1089 995 1147 olim
1038 1107 1205 1148 cruce
1248 1100 1445 1149 tensus
1488 1090 1615 1159 alta,

447 1171 791 1245 Obsequens
833 1169 1001 1241 Patri,
1044 1171 1263 1230 laceros
1306 1172 1572 1248 placebas

612 1252 896 1310 Horridus
938 1263 1109 1312 artus.

452 1415 693 1473 Summa
733 1415 855 1473 laus
899 1415 1065 1486 Patri,
1108 1416 1419 1491 genitoque
1462 1415 1690 1486 Verbo;

446 1497 523 1554 Et
564 1497 667 1554 tibi
709 1514 959 1573 compar,
1002 1499 1294 1573 utriusque
1338 1498 1395 1555 N
1399 1512 1572 1556 exus:

448 1578 563 1635 Fac
606 1578 707 1636 tibi
749 1597 974 1654 semper
1015 1579 1344 1654 placeamus
1385 1581 1483 1638 uni

615 1659 874 1718 Moribus
916 1661 1129 1735 aequis·

793 1988 916 2045 Pro
957 2008 1063 2046 non
1103 1987 1381 2062 Marfflre.

617 2220 895 2279 Coelestis
937 2219 1065 2278 aula
1106 2219 1406 2295 panditur:

615 2302 707 2359 En
750 2319 1033 2377 sponsus3
1085 2318 1289 2359 omnes
1333 2301 1534 2359 obviae

615 2383 780 2441 Exite
825 2383 1054 2459 Sponso
1094 2381 1336 2459 Virgini,

623 2465 808 2535 Exite,
853 2481 1101 2539 sponsae
1145 2463 1430 2539 Virgines.

621 2627 786 2686 Haec
828 2627 1096 2703 nuptialis
1137 2636 1224 2684 est
1265 2626 1406 2695 dieS,

621 2709 805 2781 Quae,
849 2709 1024 2783 longa
1063 2717 1195 2784 post
1237 2707 1495 2781 suspiria,

622 2790 736 2849 Dat
777 2791 1065 2861 omnibus,
1110 2790 1206 2847 dat
1249 2788 1485 2863 singulis

621 2864 751 2947 Jan'i
794 2872 1018 2947 plenius
1060 2870 1167 2928 frui
1208 2870 1356 2929 Deo·

624 3032 789 3104 Quae
831 3044 989 3092 casta
1029 3034 1191 3091 vobis
1233 3032 1459 3107 gaudia,

624 3114 789 3185 Quos
833 3115 985 3174 afflet
1026 3116 1206 3190 ignes,
1250 3113 1452 3171 dicite:

627 3196 737 3253 Ab·
761 3215 861 3255 ore
901 3198 1063 3272 cujus
1106 3196 1299 3271 purior

630 3276 881 3336 Torrens
924 3279 1183 3353 voluptas
1210 3276 1424 3335 effluit?

1768 461 1879 517 199
