2442 3950
655 420 733 479 In
771 421 977 494 Decoll.
1021 420 1085 481 S.
1114 420 1374 499 Joanmk.

377 585 531 643 Aula
568 594 867 659 receptum
907 603 1027 644 non
1066 585 1270 646 retinet
1312 586 1498 657 timor,

377 666 517 725 Non
558 667 771 729 blanda
810 665 985 725 flectit
1024 667 1207 743 gratia
1249 667 1545 744 PrincipiS,

378 747 766 806 contaminati
808 748 948 824 quin
989 749 1295 825 reprendat

380 828 685 905 Flagitium
725 830 1217 905 opprobriumque
1259 828 1405 890 lecti.

377 992 461 1050 Sit
502 1009 732 1051 summa
772 991 940 1063 Patri,
985 1011 1328 1069 summaque
1370 992 1530 1063 Filio,

379 1073 705 1149 Sanctoque
747 1091 987 1151 compar
1028 1075 1211 1151 gloria
1252 1072 1528 1133 Flamini:

375 1154 620 1215 Sanctae
661 1155 886 1214 litemus
930 1156 1195 1214 Trinitati

375 1236 661 1313 Perpetuo
701 1238 799 1313 pia
839 1238 1016 1297 corda
1056 1238 1227 1296 cultu.

674 1589 765 1631 AD
806 1587 1110 1633 OFFICIUM
1155 1588 1345 1634 Noer.

372 1796 620 1874 Impune
662 1796 796 1855 Vati
837 1816 956 1855 non
997 1798 1131 1857 erit:
1180 1798 1470 1874 impotens

374 1879 595 1937 Totum
636 1878 885 1938 furorem
928 1878 1141 1938 femina
1181 1880 1427 1955 colligit3

372 1960 614 2039 Iraeque
656 1980 857 2020 causas
900 1961 1233 2038 aggerando

372 2043 716 2102 Exstimtilat
756 2044 875 2102 fera
915 2044 1091 2102 corda
1130 2044 1300 2120 regis.

374 2204 533 2277 Quid
575 2223 694 2265 non
734 2206 909 2265 libido
951 2207 1113 2282 cogis
1154 2206 1448 2265 adultera?

373 2285 597 2345 Dantur
639 2289 853 2347 catenis
894 2288 1174 2347 innocuae
1215 2305 1460 2347 manus:

374 2368 451 2425 At
494 2369 709 2446 alligari
750 2371 996 2429 veritatis

374 2449 587 2510 Nescia
622 2470 755 2523 vox,
800 2470 904 2510 sua
939 2453 1066 2528 jura
1108 2461 1308 2511 servat.

375 2613 665 2672 Christum
706 2615 795 2672 vel
836 2625 959 2674 atro
1000 2614 1243 2674 carceris
1285 2614 1344 2672 in
1385 2629 1564 2688 specu

371 2694 587 2753 Praeco
627 2695 808 2755 fidelis
850 2697 1099 2754 nuntiat:
1150 2707 1207 2754 et
1234 2714 1386 2754 suos

376 2776 583 2834 Divina
622 2778 868 2853 patranti
909 2777 1193 2854 Magistro

370 2857 701 2933 Discipulos
738 2861 900 2936 Jubet
940 2861 1020 2918 ire
1060 2869 1252 2928 testeS.

371 3015 612 3082 Vinctus
653 3022 992 3098 triumphat;
1038 3033 1101 3081 tu
1140 3022 1399 3097 pavitans
1440 3019 1651 3090 fremiS,

373 3103 663 3180 Tyranne.
748 3104 1003 3163 Caecum
1044 3122 1210 3163 mens
1251 3103 1402 3163 male
1445 3104 1678 3160 conscia

372 3185 571 3258 Quatit
612 3186 933 3262 flagellum:
980 3187 1171 3246 stricta
1211 3184 1422 3244 Vatem

370 3267 738 3344 Impavidum
778 3268 939 3328 feriet
980 3268 1210 3328 securis,

968 3367 1007 3408 L

1707 438 1816 496 145
