2442 3950
935 448 1240 526 Vri-ginum.
1761 471 1869 508 201

367 665 371 674 .
438 615 594 672 Liliis
639 613 898 688 Sponsus
940 614 1187 684 recubat,
1232 615 1526 689 rosisque:

438 697 549 766 Tu,
592 706 691 753 tuo
734 713 961 770 semper
1000 695 1148 754 bene
1192 695 1309 754 fida
1352 695 1597 771 SponSO,

436 778 509 834 Et
550 795 709 834 rosas
750 786 977 851 martyr,
1022 777 1189 834 simul
1232 788 1287 834 et
1329 778 1533 836 dedisti

597 857 739 915 Lilia
779 859 955 933 virg0.

439 1022 678 1079 Summa
718 1023 839 1079 laus
882 1020 1050 1092 Patri,
1093 1021 1404 1096 genitoque
1448 1019 1644 1078 Verbo
1663 1041 1754 1108 ξ’,

433 1102 506 1159 Et
548 1103 649 1160 tibi
690 1121 952 1178 compar,
983 1103 1275 1178 utriusque
1319 1101 1376 1158 N
1379 1120 1556 1159 exus:

435 1184 549 1242 Fac
593 1185 693 1242 tibi
736 1203 963 1260 semper
1003 1184 1334 1260 placeamus
1375 1185 1473 1240 uni

600 1265 861 1324 Moribus
902 1265 1118 1341 aequis.

772 1615 895 1674 Pro
936 1635 1042 1674 non
1082 1615 1362 1684 Martyre.

594 1822 730 1880 Non
771 1840 917 1881 vana
959 1821 1230 1880 dilectum
1271 1839 1509 1898 gregem

592 1904 804 1962 Pavere
844 1904 1045 1961 mundi
1086 1903 1314 1980 gaudia,
1605 1905 1608 1908 ’

592 1986 717 2044 Nec
758 2005 900 2062 pura
942 1986 1111 2044 fallax
1152 1996 1387 2061 pectora

591 2069 795 2144 Imago
825 2068 966 2144 ,lusit
1008 2068 1200 2126 seculi.

592 2231 705 2290 Sed
746 2230 889 2289 haec
930 2241 1154 2289 tuarum
1196 2232 1427 2306 propria
1699 2304 1704 2311 Ι

596 2312 754 2384 Sunt,
798 2312 1040 2383 Christe,
1085 2320 1426 2389 sponsarum
1467 2313 1641 2383 bona,

590 2394 685 2455 Te,
723 2412 965 2470 semper,
1009 2404 1065 2451 et
1108 2403 1298 2452 tecum
1341 2394 1451 2451 tuis

586 2475 657 2533 In
698 2486 753 2534 te
795 2476 964 2551 potiri
1004 2476 1247 2551 gaudiis

588 2639 773 2698 Castis
816 2638 1065 2697 vicissim
1086 2647 1169 2695 ,ω
1210 2638 1346 2705 tibi¹

587 2721 656 2777 In
698 2720 967 2779 cordibus
1009 2719 1241 2777 thorum
1285 2720 1484 2777 struis:

586 2802 851 2878 Interque
894 2801 1158 2859 flammas
1200 2802 1403 2859 intimo

590 2886 811 2942 Amans
854 2883 1101 2958 quiescis
1145 2884 1205 2940 in
1247 2884 1391 2941 sinu.

588 3047 705 3104 Hic
746 3064 895 3106 unus
938 3058 1025 3103 est
1068 3045 1296 3120 sponsis
1339 3062 1520 3115 amor,

586 3127 867 3207 Unusque
909 3137 1101 3185 tecum
1122 3174 1127 3177 .
1145 3126 1411 3201 spiritus3

586 3208 852 3285 Beasque
896 3224 1145 3284 sponsus
1189 3208 1460 3282 singulas,

587 3291 655 3347 In
696 3301 865 3367 teque
908 3288 1299 3359 transformas,
1343 3287 1522 3347 Deus.
