<?xml version="1.0" encoding="UTF-8"?>
<!DOCTYPE html PUBLIC "-//W3C//DTD XHTML 1.0 Transitional//EN"
    "http://www.w3.org/TR/xhtml1/DTD/xhtml1-transitional.dtd">
<html xmlns="http://www.w3.org/1999/xhtml" xml:lang="en" lang="en">
 <head>
  <title>
</title>
<meta http-equiv="Content-Type" content="text/html;charset=utf-8" />
  <meta name='ocr-system' content='tesseract 3.04.00' />
  <meta name='ocr-capabilities' content='ocr_page ocr_carea ocr_par ocr_line ocrx_word'/>
</head>
<body>
  <div class='ocr_page' id='page_1' title='image "./hymniecclesiae03churgoog_0153.png"; bbox 0 0 2442 3950; ppageno 0'>
   <div class='ocr_carea' id='block_1_1' title="bbox 695 418 1505 499">
    <p class='ocr_par' dir='ltr' id='par_1_1' title="bbox 695 418 1505 499">
     <span class='ocr_line' id='line_1_1' title="bbox 695 418 1505 499; baseline 0.002 -2"><span class='ocrx_word' id='word_1_1' title='bbox 695 418 772 498; x_wconf 73' lang='lat' dir='ltr'><strong>J&#39;n</strong></span> <span class='ocrx_word' id='word_1_2' title='bbox 828 438 1136 499; x_wconf 61' lang='lat' dir='ltr'><strong>szvzratzm</strong></span> <span class='ocrx_word' id='word_1_3' title='bbox 1174 438 1251 499; x_wconf 84' lang='lat' dir='ltr'><strong>B.</strong></span> <span class='ocrx_word' id='word_1_4' title='bbox 1293 439 1388 499; x_wconf 85' lang='lat' dir='ltr'><strong>M.</strong></span> <span class='ocrx_word' id='word_1_5' title='bbox 1447 438 1505 499; x_wconf 78' lang='lat' dir='ltr'><strong>V.</strong></span> 
     </span>
    </p>
   </div>
   <div class='ocr_carea' id='block_1_2' title="bbox 626 603 1450 907">
    <p class='ocr_par' dir='ltr' id='par_1_2' title="bbox 626 603 1450 907">
     <span class='ocr_line' id='line_1_2' title="bbox 626 603 1442 663; baseline 0.002 -2"><span class='ocrx_word' id='word_1_6' title='bbox 626 603 1047 663; x_wconf 88' lang='lat' dir='ltr'><strong>Absconditum</strong></span> <span class='ocrx_word' id='word_1_7' title='bbox 1090 604 1196 661; x_wconf 87' lang='lat' dir='ltr'><strong>sub</strong></span> <span class='ocrx_word' id='word_1_8' title='bbox 1239 604 1442 663; x_wconf 85' lang='lat' dir='ltr'><strong>intimo</strong></span> 
     </span>
     <span class='ocr_line' id='line_1_3' title="bbox 629 684 1450 761; baseline 0.001 -18"><span class='ocrx_word' id='word_1_9' title='bbox 629 684 754 743; x_wconf 91' lang='lat' dir='ltr'><strong>Ceu</strong></span> <span class='ocrx_word' id='word_1_10' title='bbox 794 686 964 756; x_wconf 90' lang='lat' dir='ltr'><strong>nube,</strong></span> <span class='ocrx_word' id='word_1_11' title='bbox 1005 685 1279 761; x_wconf 83' lang='lat' dir='ltr'>portabas</span> <span class='ocrx_word' id='word_1_12' title='bbox 1321 686 1450 744; x_wconf 89' lang='lat' dir='ltr'><strong>sinu</strong></span> 
     </span>
     <span class='ocr_line' id='line_1_4' title="bbox 629 766 1433 842; baseline 0.002 -19"><span class='ocrx_word' id='word_1_13' title='bbox 629 766 840 837; x_wconf 90' lang='lat' dir='ltr'><strong>Solem,</strong></span> <span class='ocrx_word' id='word_1_14' title='bbox 884 784 993 825; x_wconf 90' lang='lat' dir='ltr'><strong>suo</strong></span> <span class='ocrx_word' id='word_1_15' title='bbox 1034 767 1132 842; x_wconf 87' lang='lat' dir='ltr'><strong>qui</strong></span> <span class='ocrx_word' id='word_1_16' title='bbox 1170 767 1433 842; x_wconf 81' lang='lat' dir='ltr'><strong>protinus</strong></span> 
     </span>
     <span class='ocr_line' id='line_1_5' title="bbox 628 848 1427 907; baseline 0.004 -3"><span class='ocrx_word' id='word_1_17' title='bbox 628 848 912 907; x_wconf 86' lang='lat' dir='ltr'><strong>Lustrabit</strong></span> <span class='ocrx_word' id='word_1_18' title='bbox 954 849 1155 907; x_wconf 87' lang='lat' dir='ltr'><strong>orbem</strong></span> <span class='ocrx_word' id='word_1_19' title='bbox 1196 848 1427 907; x_wconf 87' lang='lat' dir='ltr'><strong>lumine.</strong></span> 
     </span>
    </p>
   </div>
   <div class='ocr_carea' id='block_1_3' title="bbox 624 1008 1574 1088">
    <p class='ocr_par' dir='ltr' id='par_1_3' title="bbox 624 1008 1574 1088">
     <span class='ocr_line' id='line_1_6' title="bbox 624 1008 1574 1088; baseline 0.005 -21"><span class='ocrx_word' id='word_1_20' title='bbox 624 1008 850 1068; x_wconf 90' lang='lat' dir='ltr'><strong>Mundo</strong></span> <span class='ocrx_word' id='word_1_21' title='bbox 890 1009 1219 1087; x_wconf 81' lang='lat' dir='ltr'><strong>redemptor</strong></span> <span class='ocrx_word' id='word_1_22' title='bbox 1256 1012 1358 1088; x_wconf 79' lang='lat' dir='ltr'><strong>qui</strong></span> <span class='ocrx_word' id='word_1_23' title='bbox 1397 1012 1574 1085; x_wconf 80' lang='lat' dir='ltr'><strong>veniS‚</strong></span> 
     </span>
    </p>
   </div>
   <div class='ocr_carea' id='block_1_4' title="bbox 623 1091 1552 1333">
    <p class='ocr_par' dir='ltr' id='par_1_4' title="bbox 623 1091 1552 1333">
     <span class='ocr_line' id='line_1_7' title="bbox 624 1091 1349 1162; baseline 0.003 -13"><span class='ocrx_word' id='word_1_24' title='bbox 624 1091 745 1162; x_wconf 91' lang='lat' dir='ltr'><strong>Fili,</strong></span> <span class='ocrx_word' id='word_1_25' title='bbox 788 1092 891 1149; x_wconf 89' lang='lat' dir='ltr'><strong>tibi</strong></span> <span class='ocrx_word' id='word_1_26' title='bbox 931 1092 1054 1151; x_wconf 87' lang='lat' dir='ltr'><strong>laus</strong></span> <span class='ocrx_word' id='word_1_27' title='bbox 1094 1094 1349 1151; x_wconf 84' lang='lat' dir='ltr'>maxima</span> 
     </span>
     <span class='ocr_line' id='line_1_8' title="bbox 624 1172 1552 1235; baseline 0.001 -5"><span class='ocrx_word' id='word_1_28' title='bbox 624 1172 775 1231; x_wconf 85' lang='lat' dir='ltr'><strong>Cum</strong></span> <span class='ocrx_word' id='word_1_29' title='bbox 814 1172 1015 1232; x_wconf 88' lang='lat' dir='ltr'><strong>Patre:</strong></span> <span class='ocrx_word' id='word_1_30' title='bbox 1042 1182 1179 1232; x_wconf 86' lang='lat' dir='ltr'><strong>nec</strong></span> <span class='ocrx_word' id='word_1_31' title='bbox 1220 1176 1323 1233; x_wconf 85' lang='lat' dir='ltr'><strong>tibi</strong></span> <span class='ocrx_word' id='word_1_32' title='bbox 1359 1174 1552 1235; x_wconf 80' lang='lat' dir='ltr'><strong>minor</strong></span> 
     </span>
     <span class='ocr_line' id='line_1_9' title="bbox 623 1254 1429 1333; baseline 0.002 -21"><span class='ocrx_word' id='word_1_33' title='bbox 623 1254 795 1326; x_wconf 86' lang='lat' dir='ltr'><strong>Laus,</strong></span> <span class='ocrx_word' id='word_1_34' title='bbox 836 1256 1128 1332; x_wconf 85' lang='lat' dir='ltr'><strong>utriusque</strong></span> <span class='ocrx_word' id='word_1_35' title='bbox 1170 1255 1429 1333; x_wconf 78' lang='lat' dir='ltr'>Spiritus.</span> 
     </span>
    </p>
   </div>
   <div class='ocr_carea' id='block_1_5' title="bbox 765 1572 1438 1618">
    <p class='ocr_par' dir='ltr' id='par_1_5' title="bbox 765 1572 1438 1618">
     <span class='ocr_line' id='line_1_10' title="bbox 765 1572 1438 1618; baseline 0.004 -3"><span class='ocrx_word' id='word_1_36' title='bbox 765 1572 857 1615; x_wconf 88' lang='lat' dir='ltr'><strong>AD</strong></span> <span class='ocrx_word' id='word_1_37' title='bbox 896 1572 1205 1617; x_wconf 80' lang='lat' dir='ltr'><strong>OFFICIUM</strong></span> <span class='ocrx_word' id='word_1_38' title='bbox 1250 1573 1438 1618; x_wconf 84' lang='lat' dir='ltr'>NOCT.</span> 
     </span>
    </p>
   </div>
   <div class='ocr_carea' id='block_1_6' title="bbox 622 1787 1556 2108">
    <p class='ocr_par' dir='ltr' id='par_1_6' title="bbox 622 1787 1556 2108">
     <span class='ocr_line' id='line_1_11' title="bbox 624 1787 1556 1863; baseline 0.005 -18"><span class='ocrx_word' id='word_1_39' title='bbox 624 1787 871 1858; x_wconf 83' lang='lat' dir='ltr'><strong>Montes,</strong></span> <span class='ocrx_word' id='word_1_40' title='bbox 914 1788 1229 1863; x_wconf 87' lang='lat' dir='ltr'><strong>superbum</strong></span> <span class='ocrx_word' id='word_1_41' title='bbox 1270 1791 1556 1862; x_wconf 85' lang='lat' dir='ltr'><strong>verticem,</strong></span> 
     </span>
     <span class='ocr_line' id='line_1_12' title="bbox 624 1868 1520 1945; baseline 0.009 -21"><span class='ocrx_word' id='word_1_42' title='bbox 624 1868 757 1940; x_wconf 87' lang='lat' dir='ltr'><strong>Qua</strong></span> <span class='ocrx_word' id='word_1_43' title='bbox 795 1868 979 1945; x_wconf 86' lang='lat' dir='ltr'><strong>Virgo</strong></span> <span class='ocrx_word' id='word_1_44' title='bbox 1020 1871 1233 1941; x_wconf 80' lang='lat' dir='ltr'><strong>transit,</strong></span> <span class='ocrx_word' id='word_1_45' title='bbox 1277 1872 1520 1943; x_wconf 81' lang='lat' dir='ltr'><strong>subdite,</strong></span> 
     </span>
     <span class='ocr_line' id='line_1_13' title="bbox 624 1950 1470 2015; baseline 0.004 -6"><span class='ocrx_word' id='word_1_46' title='bbox 624 1950 732 2009; x_wconf 93' lang='lat' dir='ltr'><strong>Cui</strong></span> <span class='ocrx_word' id='word_1_47' title='bbox 774 1968 837 2010; x_wconf 89' lang='lat' dir='ltr'><strong>se</strong></span> <span class='ocrx_word' id='word_1_48' title='bbox 879 1951 1118 2010; x_wconf 88' lang='lat' dir='ltr'><strong>libenter</strong></span> <span class='ocrx_word' id='word_1_49' title='bbox 1158 1961 1470 2015; x_wconf 85' lang='lat' dir='ltr'><strong>sternerent</strong></span> 
     </span>
     <span class='ocr_line' id='line_1_14' title="bbox 622 2033 1330 2108; baseline 0.007 -20"><span class='ocrx_word' id='word_1_50' title='bbox 622 2033 732 2090; x_wconf 89' lang='lat' dir='ltr'><strong>Vel</strong></span> <span class='ocrx_word' id='word_1_51' title='bbox 773 2033 899 2108; x_wconf 87' lang='lat' dir='ltr'><strong>ipsa</strong></span> <span class='ocrx_word' id='word_1_52' title='bbox 939 2033 1083 2092; x_wconf 91' lang='lat' dir='ltr'><strong>coeli</strong></span> <span class='ocrx_word' id='word_1_53' title='bbox 1126 2033 1330 2093; x_wconf 86' lang='lat' dir='ltr'><strong>sidera.</strong></span> 
     </span>
    </p>
   </div>
   <div class='ocr_carea' id='block_1_7' title="bbox 610 2194 1496 2517">
    <p class='ocr_par' dir='ltr' id='par_1_7' title="bbox 610 2194 1496 2517">
     <span class='ocr_line' id='line_1_15' title="bbox 626 2194 1448 2272; baseline 0.002 -18"><span class='ocrx_word' id='word_1_54' title='bbox 626 2194 866 2254; x_wconf 85' lang='lat' dir='ltr'>Occulta</span> <span class='ocrx_word' id='word_1_55' title='bbox 906 2213 1057 2272; x_wconf 84' lang='lat' dir='ltr'><strong>quae</strong></span> <span class='ocrx_word' id='word_1_56' title='bbox 1097 2196 1232 2254; x_wconf 88' lang='lat' dir='ltr'><strong>latet</strong></span> <span class='ocrx_word' id='word_1_57' title='bbox 1273 2197 1448 2268; x_wconf 86' lang='lat' dir='ltr'><strong>domi,</strong></span> 
     </span>
     <span class='ocr_line' id='line_1_16' title="bbox 622 2277 1429 2354; baseline 0.004 -20"><span class='ocrx_word' id='word_1_58' title='bbox 622 2277 814 2335; x_wconf 88' lang='lat' dir='ltr'><strong>Audet</strong></span> <span class='ocrx_word' id='word_1_59' title='bbox 855 2277 1008 2336; x_wconf 89' lang='lat' dir='ltr'><strong>foras</strong></span> <span class='ocrx_word' id='word_1_60' title='bbox 1050 2296 1114 2337; x_wconf 89' lang='lat' dir='ltr'><strong>se</strong></span> <span class='ocrx_word' id='word_1_61' title='bbox 1153 2279 1429 2354; x_wconf 85' lang='lat' dir='ltr'><strong>prodere:</strong></span> 
     </span>
     <span class='ocr_line' id='line_1_17' title="bbox 610 2357 1496 2436; baseline 0.006 -21"><span class='ocrx_word' id='word_1_62' title='bbox 610 2357 865 2435; x_wconf 37' lang='lat' dir='ltr'><strong>*Semper</strong></span> <span class='ocrx_word' id='word_1_63' title='bbox 906 2359 1015 2418; x_wconf 90' lang='lat' dir='ltr'><strong>sibi</strong></span> <span class='ocrx_word' id='word_1_64' title='bbox 1055 2359 1265 2418; x_wconf 87' lang='lat' dir='ltr'><strong>timens</strong></span> <span class='ocrx_word' id='word_1_65' title='bbox 1305 2363 1496 2436; x_wconf 90' lang='lat' dir='ltr'><strong>pudor</strong></span> 
     </span>
     <span class='ocr_line' id='line_1_18' title="bbox 626 2439 1274 2517; baseline 0.003 -20"><span class='ocrx_word' id='word_1_66' title='bbox 626 2439 697 2498; x_wconf 89' lang='lat' dir='ltr'><strong>Se</strong></span> <span class='ocrx_word' id='word_1_67' title='bbox 740 2441 969 2499; x_wconf 86' lang='lat' dir='ltr'><strong>caritate</strong></span> <span class='ocrx_word' id='word_1_68' title='bbox 1010 2442 1274 2517; x_wconf 83' lang='lat' dir='ltr'><strong>protegit.</strong></span> 
     </span>
    </p>
   </div>
   <div class='ocr_carea' id='block_1_8' title="bbox 622 2602 1518 2924">
    <p class='ocr_par' dir='ltr' id='par_1_8' title="bbox 622 2602 1518 2924">
     <span class='ocr_line' id='line_1_19' title="bbox 622 2602 1467 2673; baseline 0.002 -14"><span class='ocrx_word' id='word_1_69' title='bbox 622 2602 673 2660; x_wconf 96' lang='lat' dir='ltr'><strong>It</strong></span> <span class='ocrx_word' id='word_1_70' title='bbox 712 2603 823 2673; x_wconf 85' lang='lat' dir='ltr'><strong>illa,</strong></span> <span class='ocrx_word' id='word_1_71' title='bbox 866 2621 986 2661; x_wconf 89' lang='lat' dir='ltr'><strong>non</strong></span> <span class='ocrx_word' id='word_1_72' title='bbox 1024 2605 1199 2663; x_wconf 82' lang='lat' dir='ltr'><strong>nectit</strong></span> <span class='ocrx_word' id='word_1_73' title='bbox 1241 2622 1467 2663; x_wconf 88' lang='lat' dir='ltr'><strong>moras:</strong></span> 
     </span>
     <span class='ocr_line' id='line_1_20' title="bbox 622 2683 1402 2759; baseline 0.004 -19"><span class='ocrx_word' id='word_1_74' title='bbox 622 2683 787 2759; x_wconf 85' lang='lat' dir='ltr'><strong>Fugit</strong></span> <span class='ocrx_word' id='word_1_75' title='bbox 828 2685 1018 2756; x_wconf 89' lang='lat' dir='ltr'><strong>videri,</strong></span> <span class='ocrx_word' id='word_1_76' title='bbox 1060 2703 1169 2744; x_wconf 89' lang='lat' dir='ltr'><strong>nec</strong></span> <span class='ocrx_word' id='word_1_77' title='bbox 1209 2686 1402 2744; x_wconf 89' lang='lat' dir='ltr'><strong>minus</strong></span> 
     </span>
     <span class='ocr_line' id='line_1_21' title="bbox 622 2765 1290 2842; baseline 0.004 -20"><span class='ocrx_word' id='word_1_78' title='bbox 622 2765 790 2842; x_wconf 87' lang='lat' dir='ltr'><strong>Fugit</strong></span> <span class='ocrx_word' id='word_1_79' title='bbox 830 2767 1022 2838; x_wconf 91' lang='lat' dir='ltr'><strong>videri,</strong></span> <span class='ocrx_word' id='word_1_80' title='bbox 1065 2785 1140 2825; x_wconf 89' lang='lat' dir='ltr'><strong>ne</strong></span> <span class='ocrx_word' id='word_1_81' title='bbox 1183 2785 1290 2826; x_wconf 90' lang='lat' dir='ltr'><strong>suo</strong></span> 
     </span>
     <span class='ocr_line' id='line_1_22' title="bbox 622 2845 1518 2924; baseline 0.002 -20"><span class='ocrx_word' id='word_1_82' title='bbox 622 2845 956 2923; x_wconf 87' lang='lat' dir='ltr'><strong>Quidquam</strong></span> <span class='ocrx_word' id='word_1_83' title='bbox 997 2849 1204 2924; x_wconf 89' lang='lat' dir='ltr'><strong>pudori</strong></span> <span class='ocrx_word' id='word_1_84' title='bbox 1245 2849 1518 2908; x_wconf 86' lang='lat' dir='ltr'><strong>detrahat.</strong></span> 
     </span>
    </p>
   </div>
   <div class='ocr_carea' id='block_1_9' title="bbox 624 3008 1561 3316">
    <p class='ocr_par' dir='ltr' id='par_1_9' title="bbox 624 3008 1561 3316">
     <span class='ocr_line' id='line_1_23' title="bbox 624 3008 1467 3087; baseline 0.006 -22"><span class='ocrx_word' id='word_1_85' title='bbox 624 3008 798 3072; x_wconf 86' lang='lat' dir='ltr'><strong>Beata</strong></span> <span class='ocrx_word' id='word_1_86' title='bbox 837 3029 1015 3087; x_wconf 85' lang='lat' dir='ltr'><strong>quam</strong></span> <span class='ocrx_word' id='word_1_87' title='bbox 1054 3011 1259 3087; x_wconf 87' lang='lat' dir='ltr'><strong>pressit</strong></span> <span class='ocrx_word' id='word_1_88' title='bbox 1298 3012 1467 3086; x_wconf 89' lang='lat' dir='ltr'><strong>pede,</strong></span> 
     </span>
     <span class='ocr_line' id='line_1_24' title="bbox 624 3089 1350 3150; baseline 0.004 -3"><span class='ocrx_word' id='word_1_89' title='bbox 624 3089 851 3150; x_wconf 84' lang='lat' dir='ltr'><strong>Tellus!</strong></span> <span class='ocrx_word' id='word_1_90' title='bbox 905 3094 1075 3150; x_wconf 84' lang='lat' dir='ltr'><strong>beata</strong></span> <span class='ocrx_word' id='word_1_91' title='bbox 1116 3093 1350 3150; x_wconf 84' lang='lat' dir='ltr'><strong>semita!</strong></span> 
     </span>
     <span class='ocr_line' id='line_1_25' title="bbox 625 3170 1379 3249; baseline 0.004 -20"><span class='ocrx_word' id='word_1_92' title='bbox 625 3170 813 3231; x_wconf 88' lang='lat' dir='ltr'><strong>Colles</strong></span> <span class='ocrx_word' id='word_1_93' title='bbox 854 3175 1025 3246; x_wconf 83' lang='lat' dir='ltr'><strong>beati,</strong></span> <span class='ocrx_word' id='word_1_94' title='bbox 1064 3174 1166 3249; x_wconf 90' lang='lat' dir='ltr'><strong>qui</strong></span> <span class='ocrx_word' id='word_1_95' title='bbox 1208 3174 1379 3233; x_wconf 89' lang='lat' dir='ltr'><strong>simul</strong></span> 
     </span>
     <span class='ocr_line' id='line_1_26' title="bbox 629 3251 1561 3316; baseline 0.002 -6"><span class='ocrx_word' id='word_1_96' title='bbox 629 3251 776 3312; x_wconf 90' lang='lat' dir='ltr'><strong>Cum</strong></span> <span class='ocrx_word' id='word_1_97' title='bbox 818 3265 997 3314; x_wconf 88' lang='lat' dir='ltr'><strong>matre</strong></span> <span class='ocrx_word' id='word_1_98' title='bbox 1039 3255 1293 3316; x_wconf 86' lang='lat' dir='ltr'><strong>sensistis</strong></span> <span class='ocrx_word' id='word_1_99' title='bbox 1333 3255 1561 3314; x_wconf 74' lang='lat' dir='ltr'><strong>Deum!</strong></span> 
     </span>
    </p>
   </div>
   <div class='ocr_carea' id='block_1_10' title="bbox 1787 463 1897 520">
    <p class='ocr_par' dir='ltr' id='par_1_10' title="bbox 1787 463 1897 520">
     <span class='ocr_line' id='line_1_27' title="bbox 1787 463 1897 520; baseline 0.009 -1"><span class='ocrx_word' id='word_1_100' title='bbox 1787 463 1897 520; x_wconf 84' lang='lat'><strong>133</strong></span> 
     </span>
    </p>
   </div>
  </div>
 </body>
</html>
