<?xml version="1.0" encoding="UTF-8"?>
<!DOCTYPE html PUBLIC "-//W3C//DTD XHTML 1.0 Transitional//EN"
    "http://www.w3.org/TR/xhtml1/DTD/xhtml1-transitional.dtd">
<html xmlns="http://www.w3.org/1999/xhtml" xml:lang="en" lang="en">
 <head>
  <title>
</title>
<meta http-equiv="Content-Type" content="text/html;charset=utf-8" />
  <meta name='ocr-system' content='tesseract 3.04.00' />
  <meta name='ocr-capabilities' content='ocr_page ocr_carea ocr_par ocr_line ocrx_word'/>
</head>
<body>
  <div class='ocr_page' id='page_1' title='image "./hymniecclesiae03churgoog_0118.png"; bbox 0 0 2442 3950; ppageno 0'>
   <div class='ocr_carea' id='block_1_1' title="bbox 590 374 1702 455">
    <p class='ocr_par' dir='ltr' id='par_1_1' title="bbox 590 374 1702 455">
     <span class='ocr_line' id='line_1_1' title="bbox 590 374 1702 455; baseline 0.001 -18"><span class='ocrx_word' id='word_1_1' title='bbox 590 384 665 455; x_wconf 83' lang='lat'><strong>98</strong></span> <span class='ocrx_word' id='word_1_2' title='bbox 1068 376 1147 437; x_wconf 82' lang='lat' dir='ltr'><strong>In</strong></span> <span class='ocrx_word' id='word_1_3' title='bbox 1184 374 1348 439; x_wconf 79' lang='lat' dir='ltr'><strong>Festo</strong></span> <span class='ocrx_word' id='word_1_4' title='bbox 1389 374 1454 434; x_wconf 83' lang='lat' dir='ltr'><em>T</em></span> <span class='ocrx_word' id='word_1_5' title='bbox 1439 376 1702 439; x_wconf 66' lang='lat' dir='ltr'><strong>rirtt&#39;talii’.</strong></span> 
     </span>
    </p>
   </div>
   <div class='ocr_carea' id='block_1_2' title="bbox 913 540 1886 849">
    <p class='ocr_par' dir='ltr' id='par_1_2' title="bbox 914 540 1732 611">
     <span class='ocr_line' id='line_1_2' title="bbox 914 540 1732 611; baseline 0.002 -12"><span class='ocrx_word' id='word_1_6' title='bbox 914 541 1005 599; x_wconf 91' lang='lat' dir='ltr'><strong>Te</strong></span> <span class='ocrx_word' id='word_1_7' title='bbox 1048 540 1228 606; x_wconf 79' lang='lat' dir='ltr'><strong>densa</strong></span> <span class='ocrx_word' id='word_1_8' title='bbox 1267 540 1484 599; x_wconf 84' lang='lat' dir='ltr'><strong>circum</strong></span> <span class='ocrx_word' id='word_1_9' title='bbox 1523 540 1732 611; x_wconf 84' lang='lat' dir='ltr'><strong>nubila,</strong></span> 
     </span>
    </p>

    <p class='ocr_par' dir='ltr' id='par_1_3' title="bbox 913 622 1886 849">
     <span class='ocr_line' id='line_1_3' title="bbox 914 622 1886 699; baseline 0 -18"><span class='ocrx_word' id='word_1_10' title='bbox 914 622 1005 681; x_wconf 88' lang='lat' dir='ltr'><strong>Te</strong></span> <span class='ocrx_word' id='word_1_11' title='bbox 1048 623 1262 681; x_wconf 86' lang='lat' dir='ltr'><strong>circum</strong></span> <span class='ocrx_word' id='word_1_12' title='bbox 1303 622 1660 683; x_wconf 82' lang='lat' dir='ltr'><strong>inaccessum</strong></span> <span class='ocrx_word' id='word_1_13' title='bbox 1697 623 1886 699; x_wconf 78' lang='lat' dir='ltr'><strong>jubar,</strong></span> 
     </span>
     <span class='ocr_line' id='line_1_4' title="bbox 913 704 1778 779; baseline 0 -18"><span class='ocrx_word' id='word_1_14' title='bbox 913 704 1091 775; x_wconf 85' lang='lat' dir='ltr'>Quod</span> <span class='ocrx_word' id='word_1_15' title='bbox 1132 704 1291 762; x_wconf 88' lang='lat' dir='ltr'><strong>intus</strong></span> <span class='ocrx_word' id='word_1_16' title='bbox 1327 704 1527 764; x_wconf 83' lang='lat' dir='ltr'><strong>ardent</strong></span> <span class='ocrx_word' id='word_1_17' title='bbox 1567 704 1778 779; x_wconf 86' lang='lat' dir='ltr'><strong>Angeli</strong></span> 
     </span>
     <span class='ocr_line' id='line_1_5' title="bbox 916 785 1788 849; baseline 0.002 -5"><span class='ocrx_word' id='word_1_18' title='bbox 916 785 1149 845; x_wconf 77' lang='lat' dir='ltr'><strong>Circum</strong></span> <span class='ocrx_word' id='word_1_19' title='bbox 1188 795 1498 845; x_wconf 83' lang='lat' dir='ltr'><strong>trementes</strong></span> <span class='ocrx_word' id='word_1_20' title='bbox 1539 803 1788 849; x_wconf 75' lang='lat' dir='ltr'><strong>cernere..</strong></span> 
     </span>
    </p>
   </div>
   <div class='ocr_carea' id='block_1_3' title="bbox 916 946 1901 1268">
    <p class='ocr_par' dir='ltr' id='par_1_4' title="bbox 916 946 1590 1007">
     <span class='ocr_line' id='line_1_6' title="bbox 916 946 1590 1007; baseline 0 -2"><span class='ocrx_word' id='word_1_21' title='bbox 916 946 1013 1006; x_wconf 77' lang='lat' dir='ltr'><strong>Te</strong></span> <span class='ocrx_word' id='word_1_22' title='bbox 1048 947 1350 1007; x_wconf 82' lang='lat' dir='ltr'><strong>confitetur</strong></span> <span class='ocrx_word' id='word_1_23' title='bbox 1389 948 1450 1005; x_wconf 85' lang='lat' dir='ltr'><strong>in</strong></span> <span class='ocrx_word' id='word_1_24' title='bbox 1487 958 1590 1006; x_wconf 85' lang='lat' dir='ltr'><strong>tuo</strong></span> 
     </span>
    </p>

    <p class='ocr_par' dir='ltr' id='par_1_5' title="bbox 916 1024 1901 1268">
     <span class='ocr_line' id='line_1_7' title="bbox 916 1024 1742 1105; baseline 0.001 -19"><span class='ocrx_word' id='word_1_25' title='bbox 916 1024 992 1087; x_wconf 91' lang='lat' dir='ltr'><strong>Et</strong></span> <span class='ocrx_word' id='word_1_26' title='bbox 1032 1029 1197 1105; x_wconf 82' lang='lat' dir='ltr'>plebs</span> <span class='ocrx_word' id='word_1_27' title='bbox 1239 1038 1436 1088; x_wconf 82' lang='lat' dir='ltr'><strong>renata</strong></span> <span class='ocrx_word' id='word_1_28' title='bbox 1475 1030 1742 1100; x_wconf 79' lang='lat' dir='ltr'><strong>nomine3</strong></span> 
     </span>
     <span class='ocr_line' id='line_1_8' title="bbox 920 1107 1695 1187; baseline 0.001 -19"><span class='ocrx_word' id='word_1_29' title='bbox 920 1107 1224 1187; x_wconf 87' lang='lat' dir='ltr'>Firmaque</span> <span class='ocrx_word' id='word_1_30' title='bbox 1266 1111 1540 1187; x_wconf 81' lang='lat' dir='ltr'><strong>praelibat</strong></span> <span class='ocrx_word' id='word_1_31' title='bbox 1579 1110 1695 1169; x_wconf 91' lang='lat' dir='ltr'><strong>fide</strong></span> 
     </span>
     <span class='ocr_line' id='line_1_9' title="bbox 918 1190 1901 1268; baseline -0.002 -18"><span class='ocrx_word' id='word_1_32' title='bbox 918 1190 1104 1250; x_wconf 89' lang='lat' dir='ltr'>Amor</span> <span class='ocrx_word' id='word_1_33' title='bbox 1143 1192 1302 1268; x_wconf 90' lang='lat' dir='ltr'>quod</span> <span class='ocrx_word' id='word_1_34' title='bbox 1343 1192 1521 1251; x_wconf 85' lang='lat' dir='ltr'><strong>ambit</strong></span> <span class='ocrx_word' id='word_1_35' title='bbox 1561 1192 1901 1268; x_wconf 81' lang='lat' dir='ltr'><strong>praemium.</strong></span> 
     </span>
    </p>
   </div>
   <div class='ocr_carea' id='block_1_4' title="bbox 921 1353 1972 1676">
    <p class='ocr_par' dir='ltr' id='par_1_6' title="bbox 921 1353 1898 1593">
     <span class='ocr_line' id='line_1_10' title="bbox 921 1353 1898 1431; baseline -0.002 -19"><span class='ocrx_word' id='word_1_36' title='bbox 921 1353 1015 1413; x_wconf 90' lang='lat' dir='ltr'><strong>Da</strong></span> <span class='ocrx_word' id='word_1_37' title='bbox 1055 1372 1230 1429; x_wconf 82' lang='lat' dir='ltr'><strong>posse</strong></span> <span class='ocrx_word' id='word_1_38' title='bbox 1272 1355 1432 1431; x_wconf 87' lang='lat' dir='ltr'><strong>quod</strong></span> <span class='ocrx_word' id='word_1_39' title='bbox 1468 1355 1654 1431; x_wconf 81' lang='lat' dir='ltr'><strong>jubes,</strong></span> <span class='ocrx_word' id='word_1_40' title='bbox 1700 1353 1898 1413; x_wconf 82' lang='lat' dir='ltr'><strong>Pater:</strong></span> 
     </span>
     <span class='ocr_line' id='line_1_11' title="bbox 921 1434 1835 1513; baseline -0.001 -20"><span class='ocrx_word' id='word_1_41' title='bbox 921 1434 1017 1494; x_wconf 87' lang='lat' dir='ltr'><strong>Da</strong></span> <span class='ocrx_word' id='word_1_42' title='bbox 1058 1436 1218 1507; x_wconf 87' lang='lat' dir='ltr'><strong>scire,</strong></span> <span class='ocrx_word' id='word_1_43' title='bbox 1261 1436 1388 1508; x_wconf 82' lang='lat' dir='ltr'><strong>Fili,</strong></span> <span class='ocrx_word' id='word_1_44' title='bbox 1426 1436 1586 1513; x_wconf 90' lang='lat' dir='ltr'>quod</span> <span class='ocrx_word' id='word_1_45' title='bbox 1628 1436 1835 1494; x_wconf 91' lang='lat' dir='ltr'><strong>doces:</strong></span> 
     </span>
     <span class='ocr_line' id='line_1_12' title="bbox 922 1517 1740 1593; baseline 0.002 -18"><span class='ocrx_word' id='word_1_46' title='bbox 922 1517 1038 1575; x_wconf 87' lang='lat' dir='ltr'><strong>Fac</strong></span> <span class='ocrx_word' id='word_1_47' title='bbox 1081 1518 1255 1575; x_wconf 87' lang='lat' dir='ltr'><strong>corde</strong></span> <span class='ocrx_word' id='word_1_48' title='bbox 1297 1527 1436 1589; x_wconf 89' lang='lat' dir='ltr'><strong>toto,</strong></span> <span class='ocrx_word' id='word_1_49' title='bbox 1483 1518 1740 1593; x_wconf 86' lang='lat' dir='ltr'><strong>Spiritus,</strong></span> 
     </span>
    </p>

    <p class='ocr_par' dir='ltr' id='par_1_7' title="bbox 925 1598 1972 1676">
     <span class='ocr_line' id='line_1_13' title="bbox 925 1598 1972 1676; baseline -0.002 -21"><span class='ocrx_word' id='word_1_50' title='bbox 925 1598 1057 1657; x_wconf 82' lang='lat' dir='ltr'><strong>Nos</strong></span> <span class='ocrx_word' id='word_1_51' title='bbox 1094 1600 1237 1657; x_wconf 90' lang='lat' dir='ltr'><strong>velle</strong></span> <span class='ocrx_word' id='word_1_52' title='bbox 1277 1600 1438 1675; x_wconf 76' lang='lat' dir='ltr'>quod</span> <span class='ocrx_word' id='word_1_53' title='bbox 1478 1600 1696 1676; x_wconf 77' lang='lat' dir='ltr'><strong>probas</strong></span> <span class='ocrx_word' id='word_1_54' title='bbox 1732 1600 1972 1657; x_wconf 79' lang='lat' dir='ltr'><strong>bonum.</strong></span> 
     </span>
    </p>
   </div>
   <div class='ocr_carea' id='block_1_5' title="bbox 923 1760 1882 2083">
    <p class='ocr_par' dir='ltr' id='par_1_8' title="bbox 923 1760 1882 2083">
     <span class='ocr_line' id='line_1_14' title="bbox 923 1760 1800 1837; baseline 0.003 -19"><span class='ocrx_word' id='word_1_55' title='bbox 923 1760 1173 1832; x_wconf 70' lang='lat' dir='ltr'><strong>Praesta,</strong></span> <span class='ocrx_word' id='word_1_56' title='bbox 1214 1762 1382 1820; x_wconf 79' lang='lat' dir='ltr'><strong>Pater</strong></span> <span class='ocrx_word' id='word_1_57' title='bbox 1417 1762 1695 1837; x_wconf 85' lang='lat' dir='ltr'><strong>piissime,</strong></span> <span class='ocrx_word' id='word_1_58' title='bbox 1797 1784 1800 1789; x_wconf 94' lang='lat'>·</span> 
     </span>
     <span class='ocr_line' id='line_1_15' title="bbox 927 1841 1717 1919; baseline 0.001 -20"><span class='ocrx_word' id='word_1_59' title='bbox 927 1841 1193 1919; x_wconf 84' lang='lat' dir='ltr'><strong>Patrique</strong></span> <span class='ocrx_word' id='word_1_60' title='bbox 1234 1861 1473 1919; x_wconf 84' lang='lat' dir='ltr'><strong>compar</strong></span> <span class='ocrx_word' id='word_1_61' title='bbox 1514 1842 1717 1913; x_wconf 88' lang='lat' dir='ltr'><strong>Unice,</strong></span> 
     </span>
     <span class='ocr_line' id='line_1_16' title="bbox 928 1924 1797 2001; baseline -0.001 -18"><span class='ocrx_word' id='word_1_62' title='bbox 928 1924 1140 1986; x_wconf 87' lang='lat' dir='ltr'><strong>Sancto</strong></span> <span class='ocrx_word' id='word_1_63' title='bbox 1183 1926 1352 1984; x_wconf 88' lang='lat' dir='ltr'><strong>simul</strong></span> <span class='ocrx_word' id='word_1_64' title='bbox 1391 1942 1528 1984; x_wconf 83' lang='lat' dir='ltr'><strong>cum</strong></span> <span class='ocrx_word' id='word_1_65' title='bbox 1571 1924 1797 2001; x_wconf 88' lang='lat' dir='ltr'><strong>Spiritu,</strong></span> 
     </span>
     <span class='ocr_line' id='line_1_17' title="bbox 930 2005 1882 2083; baseline -0.001 -19"><span class='ocrx_word' id='word_1_66' title='bbox 930 2005 1206 2082; x_wconf 86' lang='lat' dir='ltr'><strong>Regnans</strong></span> <span class='ocrx_word' id='word_1_67' title='bbox 1247 2026 1351 2083; x_wconf 85' lang='lat' dir='ltr'><strong>per</strong></span> <span class='ocrx_word' id='word_1_68' title='bbox 1393 2025 1566 2066; x_wconf 88' lang='lat' dir='ltr'><strong>omne</strong></span> <span class='ocrx_word' id='word_1_69' title='bbox 1609 2005 1882 2067; x_wconf 86' lang='lat' dir='ltr'><strong>seculum.</strong></span> 
     </span>
    </p>
   </div>
   <div class='ocr_carea' id='block_1_6' title="bbox 1063 2301 1740 2391">
    <p class='ocr_par' dir='ltr' id='par_1_9' title="bbox 1063 2301 1740 2391">
     <span class='ocr_line' id='line_1_18' title="bbox 1063 2301 1740 2391; baseline 0.003 -2"><span class='ocrx_word' id='word_1_70' title='bbox 1063 2347 1155 2390; x_wconf 87' lang='lat' dir='ltr'><strong>AD</strong></span> <span class='ocrx_word' id='word_1_71' title='bbox 1170 2301 1183 2324; x_wconf 57' lang='grc' dir='ltr'>Ι</span> <span class='ocrx_word' id='word_1_72' title='bbox 1197 2346 1504 2391; x_wconf 85' lang='lat' dir='ltr'>OFFICIUM</span> <span class='ocrx_word' id='word_1_73' title='bbox 1550 2345 1740 2391; x_wconf 77' lang='lat' dir='ltr'><strong>Nocr.</strong></span> 
     </span>
    </p>
   </div>
   <div class='ocr_carea' id='block_1_7' title="bbox 691 2546 2132 2868">
    <p class='ocr_par' dir='ltr' id='par_1_10' title="bbox 691 2546 2132 2868">
     <span class='ocr_line' id='line_1_19' title="bbox 691 2546 2132 2624; baseline 0.001 -20"><span class='ocrx_word' id='word_1_74' title='bbox 691 2546 949 2605; x_wconf 83' lang='lat' dir='ltr'><strong>Sublime</strong></span> <span class='ocrx_word' id='word_1_75' title='bbox 987 2546 1238 2619; x_wconf 84' lang='lat' dir='ltr'><strong>Numen,</strong></span> <span class='ocrx_word' id='word_1_76' title='bbox 1281 2558 1365 2606; x_wconf 88' lang='lat' dir='ltr'><strong>ter</strong></span> <span class='ocrx_word' id='word_1_77' title='bbox 1403 2556 1628 2624; x_wconf 86' lang='lat' dir='ltr'><strong>potens,</strong></span> <span class='ocrx_word' id='word_1_78' title='bbox 1670 2557 1754 2605; x_wconf 89' lang='lat' dir='ltr'><strong>ter</strong></span> <span class='ocrx_word' id='word_1_79' title='bbox 1793 2547 2132 2620; x_wconf 83' lang='lat' dir='ltr'><strong>maximum,</strong></span> 
     </span>
     <span class='ocr_line' id='line_1_20' title="bbox 693 2628 2011 2704; baseline 0.001 -20"><span class='ocrx_word' id='word_1_80' title='bbox 693 2628 1248 2704; x_wconf 84' lang='lat' dir='ltr'><strong>Incomprehensum</strong></span> <span class='ocrx_word' id='word_1_81' title='bbox 1289 2629 1430 2688; x_wconf 89' lang='lat' dir='ltr'><strong>lucis</strong></span> <span class='ocrx_word' id='word_1_82' title='bbox 1471 2629 1789 2688; x_wconf 86' lang='lat' dir='ltr'><strong>immensae</strong></span> <span class='ocrx_word' id='word_1_83' title='bbox 1826 2628 2011 2703; x_wconf 83' lang='lat' dir='ltr'><strong>jubar,</strong></span> 
     </span>
     <span class='ocr_line' id='line_1_21' title="bbox 694 2709 2101 2786; baseline 0.004 -20"><span class='ocrx_word' id='word_1_84' title='bbox 694 2709 947 2786; x_wconf 87' lang='lat' dir='ltr'><strong>Simplex</strong></span> <span class='ocrx_word' id='word_1_85' title='bbox 990 2720 1050 2768; x_wconf 88' lang='lat' dir='ltr'><strong>et</strong></span> <span class='ocrx_word' id='word_1_86' title='bbox 1086 2729 1256 2781; x_wconf 78' lang='lat' dir='ltr'><strong>unus,</strong></span> <span class='ocrx_word' id='word_1_87' title='bbox 1295 2722 1351 2768; x_wconf 91' lang='lat' dir='ltr'><strong>et</strong></span> <span class='ocrx_word' id='word_1_88' title='bbox 1388 2711 1566 2769; x_wconf 86' lang='lat' dir='ltr'><strong>tribus</strong></span> <span class='ocrx_word' id='word_1_89' title='bbox 1607 2720 1880 2768; x_wconf 82' lang='lat' dir='ltr'><strong>constans</strong></span> <span class='ocrx_word' id='word_1_90' title='bbox 1919 2709 2101 2782; x_wconf 72' lang='lat' dir='ltr'><strong>DleUS,</strong></span> 
     </span>
     <span class='ocr_line' id='line_1_22' title="bbox 694 2790 1909 2868; baseline 0.001 -21"><span class='ocrx_word' id='word_1_91' title='bbox 694 2790 782 2849; x_wconf 89' lang='lat' dir='ltr'><strong>Te</strong></span> <span class='ocrx_word' id='word_1_92' title='bbox 824 2809 915 2850; x_wconf 86' lang='lat' dir='ltr'><strong>res</strong></span> <span class='ocrx_word' id='word_1_93' title='bbox 957 2802 1176 2851; x_wconf 88' lang='lat' dir='ltr'><strong>creatae</strong></span> <span class='ocrx_word' id='word_1_94' title='bbox 1217 2793 1386 2851; x_wconf 85' lang='lat' dir='ltr'><strong>laude</strong></span> <span class='ocrx_word' id='word_1_95' title='bbox 1421 2792 1548 2868; x_wconf 82' lang='lat' dir='ltr'><strong>jugi</strong></span> <span class='ocrx_word' id='word_1_96' title='bbox 1590 2793 1909 2850; x_wconf 89' lang='lat' dir='ltr'><strong>concinant.</strong></span> 
     </span>
    </p>
   </div>
   <div class='ocr_carea' id='block_1_8' title="bbox 670 2952 1954 3262">
    <p class='ocr_par' dir='ltr' id='par_1_11' title="bbox 670 2952 1954 3262">
     <span class='ocr_line' id='line_1_23' title="bbox 694 2952 1954 3026; baseline 0 -16"><span class='ocrx_word' id='word_1_97' title='bbox 694 2952 790 3011; x_wconf 91' lang='lat' dir='ltr'><strong>Tu</strong></span> <span class='ocrx_word' id='word_1_98' title='bbox 833 2952 1124 3011; x_wconf 88' lang='lat' dir='ltr'><strong>Trinitatis</strong></span> <span class='ocrx_word' id='word_1_99' title='bbox 1165 2953 1296 3014; x_wconf 88' lang='lat' dir='ltr'><strong>fons</strong></span> <span class='ocrx_word' id='word_1_100' title='bbox 1337 2954 1724 3026; x_wconf 84' lang='lat' dir='ltr'><strong>inexhaustuS‚</strong></span> <span class='ocrx_word' id='word_1_101' title='bbox 1767 2955 1954 3025; x_wconf 79' lang='lat' dir='ltr'><strong>Pater,</strong></span> 
     </span>
     <span class='ocr_line' id='line_1_24' title="bbox 675 3034 1877 3110; baseline 0.002 -19"><span class='ocrx_word' id='word_1_102' title='bbox 675 3034 897 3110; x_wconf 86' lang='lat' dir='ltr'><strong>Filique</strong></span> <span class='ocrx_word' id='word_1_103' title='bbox 942 3052 1193 3094; x_wconf 88' lang='lat' dir='ltr'><strong>nascens</strong></span> <span class='ocrx_word' id='word_1_104' title='bbox 1235 3035 1418 3094; x_wconf 87' lang='lat' dir='ltr'><strong>Patris</strong></span> <span class='ocrx_word' id='word_1_105' title='bbox 1460 3047 1692 3095; x_wconf 88' lang='lat' dir='ltr'><strong>aeterno</strong></span> <span class='ocrx_word' id='word_1_106' title='bbox 1734 3038 1877 3106; x_wconf 80' lang='lat' dir='ltr'><strong>sinn,</strong></span> 
     </span>
     <span class='ocr_line' id='line_1_25' title="bbox 672 3118 1922 3195; baseline 0.002 -21"><span class='ocrx_word' id='word_1_107' title='bbox 672 3118 762 3174; x_wconf 90' lang='lat' dir='ltr'><strong>Ac</strong></span> <span class='ocrx_word' id='word_1_108' title='bbox 806 3126 1005 3174; x_wconf 84' lang='lat' dir='ltr'><strong>sancte</strong></span> <span class='ocrx_word' id='word_1_109' title='bbox 1033 3135 1279 3175; x_wconf 87' lang='lat' dir='ltr'><strong>manans</strong></span> <span class='ocrx_word' id='word_1_110' title='bbox 1323 3137 1356 3176; x_wconf 89' lang='lat' dir='ltr'><strong>e</strong></span> <span class='ocrx_word' id='word_1_111' title='bbox 1401 3118 1628 3176; x_wconf 87' lang='lat' dir='ltr'><strong>duobus</strong></span> <span class='ocrx_word' id='word_1_112' title='bbox 1660 3118 1922 3195; x_wconf 78' lang='lat' dir='ltr'><strong>SpirituS,</strong></span> 
     </span>
     <span class='ocr_line' id='line_1_26' title="bbox 670 3197 1792 3262; baseline 0.005 -8"><span class='ocrx_word' id='word_1_113' title='bbox 670 3197 769 3254; x_wconf 87' lang='lat' dir='ltr'><strong>Nil</strong></span> <span class='ocrx_word' id='word_1_114' title='bbox 810 3216 915 3256; x_wconf 93' lang='lat' dir='ltr'><strong>vos</strong></span> <span class='ocrx_word' id='word_1_115' title='bbox 959 3198 1023 3255; x_wconf 91' lang='lat' dir='ltr'><strong>in</strong></span> <span class='ocrx_word' id='word_1_116' title='bbox 1065 3216 1183 3257; x_wconf 89' lang='lat' dir='ltr'><strong>una</strong></span> <span class='ocrx_word' id='word_1_117' title='bbox 1222 3199 1421 3260; x_wconf 89' lang='lat' dir='ltr'><strong>dividit</strong></span> <span class='ocrx_word' id='word_1_118' title='bbox 1462 3201 1792 3262; x_wconf 83' lang='lat' dir='ltr'><strong>substantia.</strong></span> 
     </span>
    </p>
   </div>
  </div>
 </body>
</html>
