2442 3950
640 406 719 465 In
746 407 907 466 Festo
939 401 1468 484 Corponlx‘Ch'errtt‘.
1741 431 1854 487 391

437 937 527 995 IN
570 935 833 997 FESTO
878 935 1288 996 CORPORIS
1333 936 1692 996 CHRISTI.

262 1147 427 1205 Salve
472 1146 618 1205 festa
660 1148 798 1218 dies,
842 1157 964 1206 toto
1006 1148 1341 1205 venerabilis
1383 1165 1542 1218 aev0,

343 1228 479 1300 Qua
519 1229 681 1287 Deus
723 1229 1043 1288 Ecclesiam
1086 1229 1237 1286 dicat
1279 1229 1499 1287 honore
1542 1247 1722 1287 suam.

263 1311 444 1381 Salve,
487 1311 589 1369 dcc.

247 1475 416 1533 Ecce
459 1474 582 1532 dies
622 1473 785 1544 laeta,
828 1485 961 1549 post
1002 1475 1179 1531 tristia
1220 1482 1428 1530 tartara
1469 1482 1674 1549 spreta,

343 1555 545 1614 Gratia
587 1556 856 1626 succedit,
898 1555 1120 1631 perdita
1160 1556 1276 1612 vita
1317 1554 1475 1612 redit.

263 1638 443 1708 Salve,
485 1637 584 1695 dvc.

264 1801 399 1859 Hoc
442 1817 652 1876 corpus
696 1797 922 1864 Christi,
968 1800 1192 1857 salvans
1236 1798 1308 1858 de
1351 1798 1548 1856 funere
1592 1799 1748 1863 tristi,

343 1881 569 1956 Manna⁸
607 1881 883 1957 figuravit,
918 1881 1078 1939 litera
1118 1881 1307 1956 prisca
1347 1881 1516 1938 canit.

262 1964 444 2036 Salve,
486 1964 584 2022 ὅτε.
696 1971 702 1985 “

265 2128 399 2186 Hoc
441 2127 681 2185 verbum
711 2104 892 2182 Pa'tris
935 2123 1079 2182 coeli
1121 2125 1398 2182 formator
1440 2134 1497 2183 et
1542 2126 1694 2183 orbis

343 2210 496 2267 Cum
540 2207 705 2265 Patre
749 2216 954 2265 cuncta
994 2218 1147 2264 creat
1190 2216 1247 2263 et
1289 2206 1498 2264 deitate
1541 2208 1686 2264 beat.

264 2292 446 2361 Salve,
487 2291 587 2347 ὅτε.
828 2371 856 2413 ⁸

263 2453 503 2529 Angelis
546 2462 633 2509 est
675 2452 839 2528 panis
880 2468 1110 2509 summa
1150 2449 1365 2507 refecto
1407 2452 1598 2520 sacriS‚

345 2534 463 2593 Sed
505 2552 679 2592 sensu
719 2533 878 2591 vanis
920 2532 999 2589 nil
1041 2532 1188 2589 valet
1232 2533 1338 2590 iste
1378 2533 1562 2607 panis.

150 2666 157 2673 .
265 2617 447 2686 Salve,
492 2616 591 2673 dvc.

262 2780 397 2837 Hoc
440 2796 651 2854 corpus
693 2794 889 2835 verum
934 2776 1166 2834 firmans
1209 2776 1523 2851 primordia
1565 2794 1772 2845 rerum,

344 2859 535 2918 Infera
577 2858 856 2934 confregit
900 2868 1069 2933 atque
1113 2859 1412 2934 redempta
1453 2860 1612 2933 regit.

266 2942 449 3013 Salve,
492 2942 590 2999 Arc.

266 3104 526 3162 Laudem
556 3103 918 3179 complacuit,
949 3120 1181 3159 carnem
1211 3102 1333 3159 sine
1356 3102 1576 3160 semine
1597 3101 1857 3177 sumpsit,

346 3186 601 3261 Virginis
643 3195 701 3243 et
741 3186 937 3243 matris
980 3185 1197 3242 viscera
1240 3202 1401 3242 sacra
1441 3183 1638 3259 replet.

267 3269 449 3337 Salve,
492 3269 594 3325 dre.
