2442 3950
995 379 1070 437 In
1112 379 1437 456 Epzjoham'a
1468 376 1725 452 'quz'ml

714 541 832 613 Qui
875 543 1006 602 fons
1047 542 1276 602 luminis
1320 554 1422 614 est,
1465 543 1647 618 gloria
1688 543 1877 601 Patri:

715 623 834 694 Qui
876 627 1023 684 miro
1052 643 1288 690 ,recreas
1332 626 1547 683 lumine
1589 635 1808 700 gentes,

717 706 992 784 Aequalis
1033 707 1136 764 tibi
1181 708 1253 765 sit
1294 707 1491 782 gloria,
1536 707 1719 766 Nate:

714 791 1048 848 >Amborum
1091 789 1287 862 similis
1330 790 1453 847 laus
1496 790 1566 848 sit
1607 789 1825 847 Amori.

1119 1147 1209 1190 AD
1259 1147 1585 1192 VESPERAS.

712 1354 847 1411 Huc
889 1370 1008 1422 vos,
1052 1370 1091 1409 o
1131 1353 1357 1409 miseri:
1404 1352 1575 1410 surda
1599 1352 1912 1427 relinquite
1957 1351 1961 1358 '

711 1435 880 1507 Quae
922 1435 1078 1492 caeci
1120 1434 1321 1504 colitiS,
1364 1443 1638 1508 mutaque
1680 1434 1952 1490 numina:

715 1517 788 1575 Se
831 1516 996 1574 vobis
1039 1516 1218 1591 aperit
1262 1515 1565 1590 splendida
1607 1515 1817 1585 civitaS,

876 1597 1014 1654 Veri
1058 1597 1329 1655 Numinis
1371 1597 1615 1674 hospita.

710 1761 804 1818 En
845 1770 1064 1818 vestrae
1106 1770 1382 1836 praeeunt
1423 1761 1703 1836 primitiae
1748 1759 1945 1834 Magi:

709 1843 924 1900 Vatum
967 1843 1119 1900 dicta
1159 1853 1392 1918 patent:
1438 1842 1756 1899 exitialibus

708 1924 983 2001 Errorum
1023 1926 1272 1983 tenebris
1314 1924 1503 1983 obsita
1544 1942 1688 1999 gens
1732 1924 1847 1994 diu,

876 2006 1030 2065 Miro
1075 2007 1291 2065 lumine
1336 2008 1634 2082 spargitur.

708 2170 906 2227 Ambo
950 2170 1030 2227 sic
1073 2171 1290 2246 populi,
1335 2168 1709 2228 dissociabilis

712 2245 880 2323 Quos
923 2250 1144 2310 dudum
1186 2253 1375 2327 paries
1420 2260 1659 2326 separat,
1703 2252 1937 2309 unicum

710 2334 779 2389 In
822 2351 1032 2409 corpus
1077 2344 1303 2391 coeunt.
1390 2333 1525 2390 Hoc
1569 2334 1863 2408 proprium
1907 2337 2093 2393 modo

871 2416 1178 2473 Ambobus
1221 2425 1451 2473 maneat
1494 2415 1703 2471 decus!

707 2578 762 2637 O
789 2596 1016 2643 ,arcana
1055 2576 1168 2635 Dei
1211 2578 1478 2637 consilia!
1532 2596 1569 2636 o
1610 2590 1712 2637 tuo

705 2660 1024 2717 Deturbata
1065 2660 1264 2734 gradu,
1308 2662 1527 2735 primus
1570 2675 1731 2719 amor
1774 2660 1905 2729 Dei,

706 2742 876 2799 Plebs
917 2739 1172 2817 Judaea!
1224 2742 1336 2799 tuis
1378 2742 1559 2817 gloria
1600 2743 1857 2817 gentium
1898 2803 1905 2809 ,

865 2822 1128 2893 Damnis,
1172 2824 1399 2898 vitaque
1443 2826 1707 2883 nascitur.

702 2982 835 3061 Jam
879 2987 1070 3044 nativa
1111 2987 1273 3044 oleae
1314 2986 1549 3044 brachia
1591 2986 1879 3056 decidunt,

705 3066 878 3124 Rami
922 3067 1255 3141 degeneres,
1298 3083 1537 3144 germen
1582 3069 1918 3138 adulterum,

704 3148 1056 3223 Miraturque
1099 3168 1281 3208 novos
1324 3152 1542 3209 semine
1584 3168 1704 3209 non
1749 3168 1855 3209 suo

862 3230 1055 3287 Arbor
1097 3250 1352 3290 crescere
1398 3233 1669 3291 surculos.
