<?xml version="1.0" encoding="UTF-8"?>
<!DOCTYPE html PUBLIC "-//W3C//DTD XHTML 1.0 Transitional//EN"
    "http://www.w3.org/TR/xhtml1/DTD/xhtml1-transitional.dtd">
<html xmlns="http://www.w3.org/1999/xhtml" xml:lang="en" lang="en">
 <head>
  <title>
</title>
<meta http-equiv="Content-Type" content="text/html;charset=utf-8" />
  <meta name='ocr-system' content='tesseract 3.04.00' />
  <meta name='ocr-capabilities' content='ocr_page ocr_carea ocr_par ocr_line ocrx_word'/>
</head>
<body>
  <div class='ocr_page' id='page_1' title='image "./hymniecclesiae03churgoog_0412.png"; bbox 0 0 2442 3950; ppageno 0'>
   <div class='ocr_carea' id='block_1_1' title="bbox 600 401 717 470">
    <p class='ocr_par' dir='ltr' id='par_1_1' title="bbox 600 401 717 470">
     <span class='ocr_line' id='line_1_1' title="bbox 600 401 717 470; baseline -0.017 0"><span class='ocrx_word' id='word_1_1' title='bbox 600 401 717 470; x_wconf 84' lang='lat'><strong>384</strong></span> 
     </span>
    </p>
   </div>
   <div class='ocr_carea' id='block_1_2' title="bbox 964 391 1830 468">
    <p class='ocr_par' dir='ltr' id='par_1_2' title="bbox 964 391 1830 468">
     <span class='ocr_line' id='line_1_2' title="bbox 964 391 1830 468; baseline -0.001 -16"><span class='ocrx_word' id='word_1_2' title='bbox 964 393 1157 452; x_wconf 79' lang='lat' dir='ltr'><strong>Missa</strong></span> <span class='ocrx_word' id='word_1_3' title='bbox 1184 394 1252 452; x_wconf 73' lang='lat' dir='ltr'><strong>dc</strong></span> <span class='ocrx_word' id='word_1_4' title='bbox 1279 391 1486 468; x_wconf 74' lang='lat' dir='ltr'><strong>Septm</strong></span> <span class='ocrx_word' id='word_1_5' title='bbox 1511 391 1830 455; x_wconf 65' lang='lat' dir='ltr'><strong>Dolorzbus.</strong></span> 
     </span>
    </p>
   </div>
   <div class='ocr_carea' id='block_1_3' title="bbox 922 525 1877 765">
    <p class='ocr_par' dir='ltr' id='par_1_3' title="bbox 922 525 1877 765">
     <span class='ocr_line' id='line_1_3' title="bbox 922 525 1759 586; baseline -0.004 -1"><span class='ocrx_word' id='word_1_6' title='bbox 922 528 1038 586; x_wconf 87' lang='lat' dir='ltr'><strong>Fac</strong></span> <span class='ocrx_word' id='word_1_7' title='bbox 1079 537 1143 584; x_wconf 94' lang='lat' dir='ltr'><strong>ut</strong></span> <span class='ocrx_word' id='word_1_8' title='bbox 1184 525 1380 584; x_wconf 86' lang='lat' dir='ltr'><strong>ardeat</strong></span> <span class='ocrx_word' id='word_1_9' title='bbox 1422 542 1522 583; x_wconf 92' lang='lat' dir='ltr'><strong>cor</strong></span> <span class='ocrx_word' id='word_1_10' title='bbox 1561 543 1759 584; x_wconf 88' lang='lat' dir='ltr'><strong>meum</strong></span> 
     </span>
     <span class='ocr_line' id='line_1_4' title="bbox 924 606 1877 677; baseline -0.002 -11"><span class='ocrx_word' id='word_1_11' title='bbox 924 609 993 666; x_wconf 92' lang='lat' dir='ltr'><strong>In</strong></span> <span class='ocrx_word' id='word_1_12' title='bbox 1035 607 1289 666; x_wconf 86' lang='lat' dir='ltr'><strong>amando</strong></span> <span class='ocrx_word' id='word_1_13' title='bbox 1331 606 1623 664; x_wconf 87' lang='lat' dir='ltr'><strong>Christum</strong></span> <span class='ocrx_word' id='word_1_14' title='bbox 1663 607 1877 677; x_wconf 90' lang='lat' dir='ltr'><strong>Deum,</strong></span> 
     </span>
     <span class='ocr_line' id='line_1_5' title="bbox 998 688 1682 765; baseline -0.003 -18"><span class='ocrx_word' id='word_1_15' title='bbox 998 688 1079 747; x_wconf 94' lang='lat' dir='ltr'><strong>Ut</strong></span> <span class='ocrx_word' id='word_1_16' title='bbox 1122 690 1230 748; x_wconf 89' lang='lat' dir='ltr'><strong>sibi</strong></span> <span class='ocrx_word' id='word_1_17' title='bbox 1273 688 1682 765; x_wconf 85' lang='lat' dir='ltr'><strong>complaceam.</strong></span> 
     </span>
    </p>
   </div>
   <div class='ocr_carea' id='block_1_4' title="bbox 830 803 1775 880">
    <p class='ocr_par' dir='ltr' id='par_1_4' title="bbox 830 803 1775 880">
     <span class='ocr_line' id='line_1_6' title="bbox 830 803 1775 880; baseline -0.001 -17"><span class='ocrx_word' id='word_1_18' title='bbox 830 824 843 836; x_wconf 94' lang='lat'><strong>·</strong></span> <span class='ocrx_word' id='word_1_19' title='bbox 922 805 1133 863; x_wconf 88' lang='lat' dir='ltr'><strong>Sancta</strong></span> <span class='ocrx_word' id='word_1_20' title='bbox 1176 803 1381 873; x_wconf 88' lang='lat' dir='ltr'><strong>Mater,</strong></span> <span class='ocrx_word' id='word_1_21' title='bbox 1424 803 1576 862; x_wconf 93' lang='lat' dir='ltr'><strong>istud</strong></span> <span class='ocrx_word' id='word_1_22' title='bbox 1617 822 1775 880; x_wconf 82' lang='lat' dir='ltr'><strong>agaS,</strong></span> 
     </span>
    </p>
   </div>
   <div class='ocr_carea' id='block_1_5' title="bbox 916 885 1771 1270">
    <p class='ocr_par' dir='ltr' id='par_1_5' title="bbox 916 885 1626 1026">
     <span class='ocr_line' id='line_1_7' title="bbox 916 885 1585 961; baseline -0.004 -16"><span class='ocrx_word' id='word_1_23' title='bbox 916 886 1187 945; x_wconf 85' lang='lat' dir='ltr'><strong>Crucifixi</strong></span> <span class='ocrx_word' id='word_1_24' title='bbox 1229 886 1344 960; x_wconf 88' lang='lat' dir='ltr'><strong>fige</strong></span> <span class='ocrx_word' id='word_1_25' title='bbox 1383 885 1585 961; x_wconf 83' lang='lat' dir='ltr'><strong>plagas</strong></span> 
     </span>
     <span class='ocr_line' id='line_1_8' title="bbox 1002 967 1626 1026; baseline -0.003 0"><span class='ocrx_word' id='word_1_26' title='bbox 1002 967 1180 1026; x_wconf 93' lang='lat' dir='ltr'><strong>Cordi</strong></span> <span class='ocrx_word' id='word_1_27' title='bbox 1221 985 1358 1024; x_wconf 89' lang='lat' dir='ltr'><strong>meo</strong></span> <span class='ocrx_word' id='word_1_28' title='bbox 1405 967 1626 1025; x_wconf 84' lang='lat' dir='ltr'><strong>valide:</strong></span> 
     </span>
    </p>

    <p class='ocr_par' dir='ltr' id='par_1_6' title="bbox 924 1049 1517 1119">
     <span class='ocr_line' id='line_1_9' title="bbox 924 1049 1517 1119; baseline -0.002 -12"><span class='ocrx_word' id='word_1_29' title='bbox 924 1049 1040 1107; x_wconf 90' lang='lat' dir='ltr'><strong>Tui</strong></span> <span class='ocrx_word' id='word_1_30' title='bbox 1066 1049 1185 1106; x_wconf 85' lang='lat' dir='ltr'><strong>nati</strong></span> <span class='ocrx_word' id='word_1_31' title='bbox 1227 1049 1517 1119; x_wconf 85' lang='lat' dir='ltr'><strong>vulnerati,</strong></span> 
     </span>
    </p>

    <p class='ocr_par' dir='ltr' id='par_1_7' title="bbox 918 1130 1771 1270">
     <span class='ocr_line' id='line_1_10' title="bbox 918 1130 1771 1208; baseline -0.002 -20"><span class='ocrx_word' id='word_1_32' title='bbox 918 1131 1051 1208; x_wconf 88' lang='lat' dir='ltr'><strong>Jam</strong></span> <span class='ocrx_word' id='word_1_33' title='bbox 1094 1130 1310 1204; x_wconf 87' lang='lat' dir='ltr'><strong>dignati</strong></span> <span class='ocrx_word' id='word_1_34' title='bbox 1351 1147 1459 1205; x_wconf 93' lang='lat' dir='ltr'><strong>pro</strong></span> <span class='ocrx_word' id='word_1_35' title='bbox 1499 1147 1596 1187; x_wconf 89' lang='lat' dir='ltr'><strong>me</strong></span> <span class='ocrx_word' id='word_1_36' title='bbox 1637 1131 1771 1204; x_wconf 83' lang='lat' dir='ltr'><strong>pati,</strong></span> 
     </span>
     <span class='ocr_line' id='line_1_11' title="bbox 1000 1211 1745 1270; baseline 0 -2"><span class='ocrx_word' id='word_1_37' title='bbox 1000 1212 1228 1270; x_wconf 85' lang='lat' dir='ltr'><strong>Poenas</strong></span> <span class='ocrx_word' id='word_1_38' title='bbox 1269 1229 1500 1269; x_wconf 90' lang='lat' dir='ltr'><strong>mecum</strong></span> <span class='ocrx_word' id='word_1_39' title='bbox 1542 1211 1745 1269; x_wconf 90' lang='lat' dir='ltr'><strong>divide.</strong></span> 
     </span>
    </p>
   </div>
   <div class='ocr_carea' id='block_1_6' title="bbox 917 1325 1802 1710">
    <p class='ocr_par' dir='ltr' id='par_1_8' title="bbox 922 1325 1786 1476">
     <span class='ocr_line' id='line_1_12' title="bbox 923 1325 1786 1391; baseline -0.002 -7"><span class='ocrx_word' id='word_1_40' title='bbox 923 1327 1039 1384; x_wconf 84' lang='lat' dir='ltr'><strong>Fac</strong></span> <span class='ocrx_word' id='word_1_41' title='bbox 1081 1344 1177 1383; x_wconf 93' lang='lat' dir='ltr'><strong>me</strong></span> <span class='ocrx_word' id='word_1_42' title='bbox 1220 1344 1351 1384; x_wconf 89' lang='lat' dir='ltr'><strong>vere</strong></span> <span class='ocrx_word' id='word_1_43' title='bbox 1393 1335 1586 1384; x_wconf 90' lang='lat' dir='ltr'><strong>tecum</strong></span> <span class='ocrx_word' id='word_1_44' title='bbox 1634 1325 1786 1391; x_wconf 89' lang='lat' dir='ltr'><strong>flere,</strong></span> 
     </span>
     <span class='ocr_line' id='line_1_13' title="bbox 922 1406 1581 1476; baseline -0.005 -10"><span class='ocrx_word' id='word_1_45' title='bbox 922 1407 1213 1466; x_wconf 88' lang='lat' dir='ltr'><strong>Crucifixo</strong></span> <span class='ocrx_word' id='word_1_46' title='bbox 1256 1406 1581 1476; x_wconf 89' lang='lat' dir='ltr'><strong>condolere,</strong></span> 
     </span>
    </p>

    <p class='ocr_par' dir='ltr' id='par_1_9' title="bbox 917 1489 1802 1710">
     <span class='ocr_line' id='line_1_14' title="bbox 999 1489 1634 1563; baseline -0.002 -17"><span class='ocrx_word' id='word_1_47' title='bbox 999 1489 1207 1547; x_wconf 90' lang='lat' dir='ltr'><strong>Donec</strong></span> <span class='ocrx_word' id='word_1_48' title='bbox 1250 1507 1363 1563; x_wconf 89' lang='lat' dir='ltr'><strong>ego</strong></span> <span class='ocrx_word' id='word_1_49' title='bbox 1404 1489 1634 1546; x_wconf 86' lang='lat' dir='ltr'><strong>vixero:</strong></span> 
     </span>
     <span class='ocr_line' id='line_1_15' title="bbox 917 1570 1802 1647; baseline -0.002 -19"><span class='ocrx_word' id='word_1_50' title='bbox 917 1570 1092 1647; x_wconf 86' lang='lat' dir='ltr'><strong>Juxta</strong></span> <span class='ocrx_word' id='word_1_51' title='bbox 1132 1589 1364 1628; x_wconf 89' lang='lat' dir='ltr'><strong>crucem</strong></span> <span class='ocrx_word' id='word_1_52' title='bbox 1403 1579 1597 1628; x_wconf 89' lang='lat' dir='ltr'><strong>tecum</strong></span> <span class='ocrx_word' id='word_1_53' title='bbox 1639 1579 1802 1638; x_wconf 91' lang='lat' dir='ltr'><strong>stare,</strong></span> 
     </span>
     <span class='ocr_line' id='line_1_16' title="bbox 922 1651 1556 1710; baseline -0.002 0"><span class='ocrx_word' id='word_1_54' title='bbox 922 1652 1013 1710; x_wconf 93' lang='lat' dir='ltr'><strong>Te</strong></span> <span class='ocrx_word' id='word_1_55' title='bbox 1054 1651 1296 1710; x_wconf 86' lang='lat' dir='ltr'><strong>libenter</strong></span> <span class='ocrx_word' id='word_1_56' title='bbox 1337 1652 1556 1709; x_wconf 87' lang='lat' dir='ltr'><strong>sociare</strong></span> 
     </span>
    </p>
   </div>
   <div class='ocr_carea' id='block_1_7' title="bbox 1000 1733 1669 1809">
    <p class='ocr_par' dir='ltr' id='par_1_10' title="bbox 1000 1733 1669 1809">
     <span class='ocr_line' id='line_1_17' title="bbox 1000 1733 1669 1809; baseline -0.003 -18"><span class='ocrx_word' id='word_1_57' title='bbox 1000 1733 1072 1791; x_wconf 89' lang='lat' dir='ltr'><strong>In</strong></span> <span class='ocrx_word' id='word_1_58' title='bbox 1112 1733 1347 1809; x_wconf 88' lang='lat' dir='ltr'><strong>planctu</strong></span> <span class='ocrx_word' id='word_1_59' title='bbox 1387 1733 1669 1791; x_wconf 78' lang='lat' dir='ltr'><strong>desidero,</strong></span> 
     </span>
    </p>
   </div>
   <div class='ocr_carea' id='block_1_8' title="bbox 919 1845 1949 2341">
    <p class='ocr_par' dir='ltr' id='par_1_11' title="bbox 919 1845 1772 2005">
     <span class='ocr_line' id='line_1_18' title="bbox 919 1845 1772 1922; baseline -0.001 -19"><span class='ocrx_word' id='word_1_60' title='bbox 919 1847 1103 1922; x_wconf 90' lang='lat' dir='ltr'><strong>Virgo</strong></span> <span class='ocrx_word' id='word_1_61' title='bbox 1144 1847 1426 1921; x_wconf 88' lang='lat' dir='ltr'><strong>virginum</strong></span> <span class='ocrx_word' id='word_1_62' title='bbox 1467 1845 1772 1921; x_wconf 86' lang='lat' dir='ltr'><strong>praeclara,</strong></span> 
     </span>
     <span class='ocr_line' id='line_1_19' title="bbox 920 1927 1760 2005; baseline 0 -20"><span class='ocrx_word' id='word_1_63' title='bbox 920 1928 1067 1987; x_wconf 94' lang='lat' dir='ltr'><strong>Mihi</strong></span> <span class='ocrx_word' id='word_1_64' title='bbox 1104 1928 1228 2005; x_wconf 84' lang='lat' dir='ltr'><strong>jam</strong></span> <span class='ocrx_word' id='word_1_65' title='bbox 1269 1945 1389 1986; x_wconf 92' lang='lat' dir='ltr'><strong>non</strong></span> <span class='ocrx_word' id='word_1_66' title='bbox 1429 1927 1508 1986; x_wconf 87' lang='lat' dir='ltr'><strong>sis</strong></span> <span class='ocrx_word' id='word_1_67' title='bbox 1550 1945 1760 1997; x_wconf 86' lang='lat' dir='ltr'><strong>amara,</strong></span> 
     </span>
    </p>

    <p class='ocr_par' dir='ltr' id='par_1_12' title="bbox 920 2010 1949 2249">
     <span class='ocr_line' id='line_1_20' title="bbox 999 2010 1839 2086; baseline -0.002 -17"><span class='ocrx_word' id='word_1_68' title='bbox 999 2011 1119 2069; x_wconf 85' lang='lat' dir='ltr'><strong>Fac</strong></span> <span class='ocrx_word' id='word_1_69' title='bbox 1159 2028 1256 2068; x_wconf 89' lang='lat' dir='ltr'><strong>me</strong></span> <span class='ocrx_word' id='word_1_70' title='bbox 1299 2019 1493 2068; x_wconf 90' lang='lat' dir='ltr'><strong>tecum</strong></span> <span class='ocrx_word' id='word_1_71' title='bbox 1535 2010 1839 2086; x_wconf 85' lang='lat' dir='ltr'><strong>plangere;</strong></span> 
     </span>
     <span class='ocr_line' id='line_1_21' title="bbox 920 2090 1949 2167; baseline -0.002 -17"><span class='ocrx_word' id='word_1_72' title='bbox 920 2093 1036 2151; x_wconf 87' lang='lat' dir='ltr'><strong>Fac</strong></span> <span class='ocrx_word' id='word_1_73' title='bbox 1078 2102 1139 2149; x_wconf 90' lang='lat' dir='ltr'><strong>ut</strong></span> <span class='ocrx_word' id='word_1_74' title='bbox 1178 2101 1408 2167; x_wconf 88' lang='lat' dir='ltr'><strong>portem</strong></span> <span class='ocrx_word' id='word_1_75' title='bbox 1434 2090 1645 2150; x_wconf 87' lang='lat' dir='ltr'><strong>Christi</strong></span> <span class='ocrx_word' id='word_1_76' title='bbox 1687 2100 1949 2159; x_wconf 90' lang='lat' dir='ltr'><strong>mortem,</strong></span> 
     </span>
     <span class='ocr_line' id='line_1_22' title="bbox 921 2174 1637 2249; baseline -0.004 -16"><span class='ocrx_word' id='word_1_77' title='bbox 921 2174 1213 2233; x_wconf 87' lang='lat' dir='ltr'><strong>Passionis</strong></span> <span class='ocrx_word' id='word_1_78' title='bbox 1255 2174 1380 2249; x_wconf 88' lang='lat' dir='ltr'><strong>ejus</strong></span> <span class='ocrx_word' id='word_1_79' title='bbox 1423 2182 1637 2231; x_wconf 89' lang='lat' dir='ltr'><strong>sortem</strong></span> 
     </span>
    </p>

    <p class='ocr_par' dir='ltr' id='par_1_13' title="bbox 1002 2254 1616 2341">
     <span class='ocr_line' id='line_1_23' title="bbox 1002 2254 1616 2341; baseline -0.002 -29"><span class='ocrx_word' id='word_1_80' title='bbox 1002 2255 1078 2313; x_wconf 92' lang='lat' dir='ltr'><strong>Et</strong></span> <span class='ocrx_word' id='word_1_81' title='bbox 1105 2255 1308 2331; x_wconf 88' lang='lat' dir='ltr'><strong>plagas</strong></span> <span class='ocrx_word' id='word_1_82' title='bbox 1351 2254 1616 2341; x_wconf 78' lang='lat' dir='ltr'><strong>recolere.</strong></span> 
     </span>
    </p>
   </div>
   <div class='ocr_carea' id='block_1_9' title="bbox 921 2369 1854 3375">
    <p class='ocr_par' dir='ltr' id='par_1_14' title="bbox 921 2369 1739 2521">
     <span class='ocr_line' id='line_1_24' title="bbox 921 2369 1739 2446; baseline -0.002 -17"><span class='ocrx_word' id='word_1_83' title='bbox 921 2371 1037 2429; x_wconf 88' lang='lat' dir='ltr'><strong>Fac</strong></span> <span class='ocrx_word' id='word_1_84' title='bbox 1079 2388 1175 2428; x_wconf 91' lang='lat' dir='ltr'><strong>me</strong></span> <span class='ocrx_word' id='word_1_85' title='bbox 1216 2370 1404 2446; x_wconf 83' lang='lat' dir='ltr'><strong>plagis</strong></span> <span class='ocrx_word' id='word_1_86' title='bbox 1445 2369 1739 2440; x_wconf 87' lang='lat' dir='ltr'><strong>vulnerari,</strong></span> 
     </span>
     <span class='ocr_line' id='line_1_25' title="bbox 923 2451 1583 2521; baseline -0.005 -10"><span class='ocrx_word' id='word_1_87' title='bbox 923 2452 1110 2511; x_wconf 91' lang='lat' dir='ltr'><strong>Cruce</strong></span> <span class='ocrx_word' id='word_1_88' title='bbox 1152 2451 1262 2509; x_wconf 88' lang='lat' dir='ltr'><strong>hac</strong></span> <span class='ocrx_word' id='word_1_89' title='bbox 1303 2452 1583 2521; x_wconf 88' lang='lat' dir='ltr'><strong>inebriari,</strong></span> 
     </span>
    </p>

    <p class='ocr_par' dir='ltr' id='par_1_15' title="bbox 923 2532 1854 2771">
     <span class='ocr_line' id='line_1_26' title="bbox 999 2532 1581 2592; baseline -0.003 -1"><span class='ocrx_word' id='word_1_90' title='bbox 999 2533 1096 2592; x_wconf 93' lang='lat' dir='ltr'><strong>Ob</strong></span> <span class='ocrx_word' id='word_1_91' title='bbox 1138 2551 1396 2591; x_wconf 90' lang='lat' dir='ltr'><strong>amorem</strong></span> <span class='ocrx_word' id='word_1_92' title='bbox 1439 2532 1581 2591; x_wconf 91' lang='lat' dir='ltr'><strong>Filii.</strong></span> 
     </span>
     <span class='ocr_line' id='line_1_27' title="bbox 923 2614 1739 2673; baseline 0.002 -2"><span class='ocrx_word' id='word_1_93' title='bbox 923 2614 1322 2673; x_wconf 85' lang='lat' dir='ltr'><strong>Inflammatus</strong></span> <span class='ocrx_word' id='word_1_94' title='bbox 1365 2624 1422 2672; x_wconf 93' lang='lat' dir='ltr'><strong>et</strong></span> <span class='ocrx_word' id='word_1_95' title='bbox 1463 2632 1739 2673; x_wconf 87' lang='lat' dir='ltr'><strong>accensus</strong></span> 
     </span>
     <span class='ocr_line' id='line_1_28' title="bbox 923 2695 1854 2771; baseline 0.004 -20"><span class='ocrx_word' id='word_1_96' title='bbox 923 2695 1032 2754; x_wconf 92' lang='lat' dir='ltr'><strong>Per</strong></span> <span class='ocrx_word' id='word_1_97' title='bbox 1073 2705 1146 2767; x_wconf 91' lang='lat' dir='ltr'><strong>te,</strong></span> <span class='ocrx_word' id='word_1_98' title='bbox 1188 2696 1389 2771; x_wconf 91' lang='lat' dir='ltr'><strong>Virg0‚</strong></span> <span class='ocrx_word' id='word_1_99' title='bbox 1431 2695 1541 2755; x_wconf 84' lang='lat' dir='ltr'><strong>sim</strong></span> <span class='ocrx_word' id='word_1_100' title='bbox 1582 2695 1854 2755; x_wconf 88' lang='lat' dir='ltr'><strong>defensus</strong></span> 
     </span>
    </p>

    <p class='ocr_par' dir='ltr' id='par_1_16' title="bbox 1004 2777 1462 2853">
     <span class='ocr_line' id='line_1_29' title="bbox 1004 2777 1462 2853; baseline 0.002 -19"><span class='ocrx_word' id='word_1_101' title='bbox 1004 2777 1075 2835; x_wconf 91' lang='lat' dir='ltr'><strong>In</strong></span> <span class='ocrx_word' id='word_1_102' title='bbox 1116 2778 1211 2835; x_wconf 91' lang='lat' dir='ltr'><strong>die</strong></span> <span class='ocrx_word' id='word_1_103' title='bbox 1249 2777 1462 2853; x_wconf 87' lang='lat' dir='ltr'><strong>judicii.</strong></span> 
     </span>
    </p>

    <p class='ocr_par' dir='ltr' id='par_1_17' title="bbox 921 2891 1774 3049">
     <span class='ocr_line' id='line_1_30' title="bbox 924 2891 1720 2963; baseline 0.004 -16"><span class='ocrx_word' id='word_1_104' title='bbox 924 2891 1039 2948; x_wconf 85' lang='lat' dir='ltr'><strong>Fac</strong></span> <span class='ocrx_word' id='word_1_105' title='bbox 1081 2909 1177 2949; x_wconf 89' lang='lat' dir='ltr'><strong>me</strong></span> <span class='ocrx_word' id='word_1_106' title='bbox 1220 2910 1389 2950; x_wconf 89' lang='lat' dir='ltr'><strong>cruce</strong></span> <span class='ocrx_word' id='word_1_107' title='bbox 1429 2892 1720 2963; x_wconf 88' lang='lat' dir='ltr'><strong>custodiri,</strong></span> 
     </span>
     <span class='ocr_line' id='line_1_31' title="bbox 921 2972 1774 3049; baseline 0.002 -20"><span class='ocrx_word' id='word_1_108' title='bbox 921 2972 1113 3030; x_wconf 93' lang='lat' dir='ltr'><strong>Morte</strong></span> <span class='ocrx_word' id='word_1_109' title='bbox 1156 2972 1368 3032; x_wconf 86' lang='lat' dir='ltr'><strong>Christi</strong></span> <span class='ocrx_word' id='word_1_110' title='bbox 1408 2975 1774 3049; x_wconf 87' lang='lat' dir='ltr'><strong>praemuniri,</strong></span> 
     </span>
    </p>

    <p class='ocr_par' dir='ltr' id='par_1_18' title="bbox 922 3052 1760 3288">
     <span class='ocr_line' id='line_1_32' title="bbox 1004 3052 1556 3131; baseline 0.004 -20"><span class='ocrx_word' id='word_1_111' title='bbox 1004 3052 1317 3112; x_wconf 88' lang='lat' dir='ltr'><strong>Confoveri</strong></span> <span class='ocrx_word' id='word_1_112' title='bbox 1359 3056 1556 3131; x_wconf 88' lang='lat' dir='ltr'><strong>gratia.</strong></span> 
     </span>
     <span class='ocr_line' id='line_1_33' title="bbox 922 3133 1760 3211; baseline 0.002 -19"><span class='ocrx_word' id='word_1_113' title='bbox 922 3133 1177 3206; x_wconf 87' lang='lat' dir='ltr'><strong>Quando</strong></span> <span class='ocrx_word' id='word_1_114' title='bbox 1219 3154 1429 3211; x_wconf 91' lang='lat' dir='ltr'><strong>corpus</strong></span> <span class='ocrx_word' id='word_1_115' title='bbox 1471 3137 1760 3207; x_wconf 90' lang='lat' dir='ltr'><strong>morietur,</strong></span> 
     </span>
     <span class='ocr_line' id='line_1_34' title="bbox 924 3216 1713 3288; baseline 0.004 -15"><span class='ocrx_word' id='word_1_116' title='bbox 924 3216 1039 3274; x_wconf 88' lang='lat' dir='ltr'><strong>Fac</strong></span> <span class='ocrx_word' id='word_1_117' title='bbox 1081 3226 1144 3274; x_wconf 93' lang='lat' dir='ltr'><strong>ut</strong></span> <span class='ocrx_word' id='word_1_118' title='bbox 1185 3218 1412 3276; x_wconf 85' lang='lat' dir='ltr'><strong>animae</strong></span> <span class='ocrx_word' id='word_1_119' title='bbox 1453 3218 1713 3288; x_wconf 90' lang='lat' dir='ltr'><strong>donetur,</strong></span> 
     </span>
    </p>

    <p class='ocr_par' dir='ltr' id='par_1_19' title="bbox 1001 3296 1492 3375">
     <span class='ocr_line' id='line_1_35' title="bbox 1001 3296 1492 3375; baseline 0.006 -22"><span class='ocrx_word' id='word_1_120' title='bbox 1001 3296 1256 3357; x_wconf 87' lang='lat' dir='ltr'><strong>Paradisi</strong></span> <span class='ocrx_word' id='word_1_121' title='bbox 1296 3300 1492 3375; x_wconf 87' lang='lat' dir='ltr'><strong>gloria.</strong></span> 
     </span>
    </p>
   </div>
  </div>
 </body>
</html>
