2442 3950
1239 411 1549 470 Domt'ntka.

930 575 1208 636 Coelestis
1250 574 1393 633 haec
1434 576 1621 632 vincat
1660 573 1800 632 tuba

930 657 1137 717 Cordis
1179 673 1450 732 soporem
1491 655 1761 732 languidi,

931 739 1197 814 Novique
1239 755 1430 796 mores
1472 737 1791 813 exprimant

930 821 1126 879 Vitam
1167 819 1512 894 resurgentis
1554 837 1781 877 novam.

933 952 1070 1010 Hoc
1111 967 1549 1026 consequemur,
1589 961 1647 1008 te
1689 949 1851 1019 duce,

933 1033 1089 1093 Fons
1131 1032 1393 1103 caritatiS‚
1436 1049 1474 1090 o
1516 1031 1693 1102 DeuS,

926 1115 1051 1188 Qui
1092 1115 1235 1190 legis
1278 1114 1441 1174 addis
1483 1114 1696 1172 litterae

932 1197 1102 1255 Vitae
1144 1195 1403 1255 datorem
1448 1195 1736 1271 Spiritum.

935 1327 1020 1386 Sit
1060 1328 1183 1385 laus
1226 1326 1395 1396 Patri,
1438 1326 1561 1384 laus
1604 1325 1780 1396 Filio;

936 1409 1048 1466 Par
1089 1408 1160 1466 sit
1200 1408 1304 1464 tibi
1345 1408 1485 1477 laus,
1530 1406 1784 1482 SpirituS,

933 1489 1181 1548 Afflante
1221 1507 1341 1564 quo
1381 1498 1604 1546 mentes
1646 1489 1819 1546 sacris

933 1571 1155 1631 Lucent
1197 1582 1255 1629 et
1297 1570 1496 1628 ardent
1536 1570 1782 1645 ignibus.

1203 1766 1297 1808 AD
1341 1765 1611 1809 LAUDES.

940 1870 1036 1928 Ad
1077 1870 1294 1945 templa
1334 1887 1443 1928 nos
1483 1879 1676 1928 rursus
1717 1879 1882 1927 vocat

939 1951 1233 2027 Surgentis
1266 1969 1503 2011 aurorae
1543 1951 1706 2022 nitor,

938 2034 1253 2110 Novasque
1295 2052 1401 2110 pro
1442 2034 1595 2093 laeto
1632 2043 1830 2092 monet

937 2115 1173 2175 Referre
1213 2126 1404 2191 grates
1445 2134 1697 2174 munere.

937 2242 1017 2299 At
1059 2242 1236 2299 victor
1278 2258 1543 2298 auroram
1585 2258 1692 2299 suo

940 2322 1187 2397 Fulgore
1231 2317 1490 2380 Christus
1532 2323 1756 2380 obruit:

883 2433 890 2441 ·
942 2402 1115 2472 Huic,
1158 2421 1375 2477 magna
1415 2404 1577 2479 cujus
1619 2423 1752 2480 pars
1794 2423 2008 2474 summ,

938 2483 1107 2562 Juvat
1147 2483 1437 2561 triumpho
1479 2484 1764 2560 plaudere.

943 2612 1121 2688 Quod
1163 2614 1420 2675 evolutus
1462 2614 1651 2676 fasciis

945 2697 1208 2774 Repente
1249 2699 1499 2760 mundus
1541 2699 1737 2770 extitit,

941 2778 1092 2838 Puro
1132 2780 1399 2839 renidens
1441 2780 1672 2853 lumine,

943 2860 1182 2920 Virtutis
1223 2860 1335 2919 hoc
1379 2870 1627 2937 quantae
1668 2860 1807 2923 fuit!

943 2989 1122 3061 Quod
1163 2992 1433 3053 traditum
1475 2994 1603 3052 neci
1643 2994 1825 3065 Pater,

942 3071 1022 3130 Ut
1063 3074 1326 3131 sontibus
1369 3076 1539 3133 vitam
1583 3076 1759 3145 daret,

831 3178 838 3183 ·
945 3152 1113 3213 Vitae
1155 3156 1395 3213 redonat
1438 3156 1660 3226 Filium,

941 3235 1174 3295 Amoris
1215 3237 1329 3295 hoc
1372 3239 1567 3312 quanti
1608 3238 1747 3296 fuit!
