2442 3950
584 433 696 489 274
966 404 1042 462 In
1070 400 1236 458 Festo
1269 395 1534 472 Corporis
1567 393 1800 454 Christi.

898 566 970 623 In
1012 575 1316 636 supremae
1359 564 1527 612 nocte
1569 571 1788 612 coenae

905 643 1280 704 Recumbens
1325 655 1458 696 cum
1499 635 1782 706 fratribus,

903 727 1224 787 Observata
1265 721 1393 795 lege
1434 718 1606 794 plene

906 809 1067 868 Cibis
1108 806 1169 863 in
1209 801 1504 878 legalibus,

906 891 1119 949 Cibum
1160 885 1358 944 turbae
1401 881 1706 942 duodenae

908 973 982 1030 Se
1025 970 1123 1028 dat
1164 967 1282 1026 suis
1323 963 1605 1022 manibus.

909 1135 1171 1192 Verbum
1215 1146 1368 1199 cam,
1410 1144 1624 1203 panem
1669 1143 1866 1184 verum

906 1216 1104 1273 Verbo
1147 1227 1380 1271 carnem
1421 1209 1623 1267 efficit:

908 1298 1113 1372 Fitque
1154 1292 1390 1369 sanguis
1433 1289 1645 1348 Christi
1684 1305 1928 1355 merum,

911 1380 988 1436 Et
1016 1378 1065 1436 si
1107 1393 1311 1435 sensus
1355 1371 1577 1431 deficit:

909 1460 1004 1518 Ad
1044 1456 1394 1516 firmandum
1436 1470 1537 1510 cor
1585 1453 1871 1510 sincerum

914 1541 1048 1600 Sola
1089 1539 1235 1597 fides
1278 1535 1500 1596 sufficit.

915 1705 1171 1762 Tantum
1212 1717 1354 1774 ergo
1398 1697 1834 1755 Sacramentum

913 1787 1272 1844 Veneremur
1319 1780 1547 1838 cemui:

916 1868 991 1925 Et
1031 1865 1331 1940 antiquum
1383 1860 1794 1918 documentum

918 1949 1090 2007 Novo
1132 1944 1300 2004 cedat
1339 1943 1504 2001 ritui:

917 2032 1175 2088 Praestet
1216 2026 1360 2084 fides
1410 2023 1874 2100 supplementum

921 2112 1206 2170 Sensuum
1250 2107 1512 2166 defectui.

922 2273 1198 2342 Genitori,
1245 2270 1572 2345 Genitoque

918 2356 1073 2413 Laus
1118 2363 1174 2412 et
1210 2351 1492 2428 jubilatio,

924 2438 1103 2501 Salus,
1147 2434 1348 2503 honor,
1393 2432 1566 2489 virtus
1607 2446 1841 2506 quoque

926 2518 1107 2576 Sit·et
1147 2514 1512 2583 benedicti03

920 2598 1260 2657 Procedenti
1302 2596 1376 2654 ab
1418 2603 1662 2669 utroque

924 2680 1179 2755 Compar
1221 2680 1292 2737 sit
1334 2675 1602 2735 laudatio.

1119 2907 1210 2950 AD
1254 2903 1692 2949 MATUTINUM.

769 3033 953 3092 Sacris
997 3030 1288 3089 solemniis
1327 3029 1524 3103 juncta
1565 3027 1678 3084 sint
1703 3025 1931 3100 gaudia,

763 3116 837 3173 Et
880 3133 950 3171 ex
991 3110 1338 3188 praecordiis
1382 3119 1589 3168 sonent
1615 3107 1955 3183 praeconia;

762 3195 1059 3254 Recedant
1097 3202 1302 3261 vetera,
1348 3206 1500 3250 nova
1541 3192 1653 3249 sint
1700 3190 1914 3253 omnia,

921 3276 1130 3346 Corda,
1174 3292 1363 3342 voceS‚
1409 3283 1464 3331 et
1505 3290 1697 3349 opera.
